2460 3301
1196 199 1225 239 2

243 309 415 366 rig-endo
445 315 515 350 aut
543 306 783 364 explicando
808 322 974 363 operam
999 315 1038 349 et
1060 308 1241 350 studium
1263 308 1501 350 consumat?
1538 308 1623 361 Qai
1645 322 1768 364 opera
1788 307 1998 351 Ciceronis
2015 309 2172 367 legarit,

243 388 279 426 is
308 392 494 426 naturam
532 384 707 425 hominis
744 383 983 440 explicatam
1019 383 1186 426 babebit
1223 392 1263 426 et
1302 384 1564 441 exploratam.
1623 383 1834 426 Gravitate
1863 384 1930 426 illa
1959 392 2000 426 et
2027 387 2175 428 virtute

243 463 565 517 innocentiaqne,
596 477 676 516 qua
706 462 881 516 antiquis
911 460 1158 516 reipublicae
1186 461 1437 517 temporibus
1468 462 1523 501 ita
1550 475 1690 502 omnes
1711 461 1887 502 Romani
1910 461 2174 518 aequabiliter

242 536 573 591 prandiderunt,
602 543 649 577 nt
677 536 775 577 haec
804 536 892 577 laus
921 552 1003 577 non
1033 537 1165 578 solum
1194 537 1423 587 hominum,
1452 537 1526 578 sed
1555 536 1717 577 illorum
1746 543 1972 593 temporum
2003 553 2091 580 esse
2116 539 2173 579 vi·

243 612 419 664 deretur,
450 612 577 654 orbus
606 615 779 668 speciem
809 613 1013 668 quandam
1042 613 1303 654 humanitatis
1331 628 1431 668 prae
1453 628 1497 653 sc
1525 612 1627 663 tulit,
1658 615 1826 668 quaein
1848 613 2069 656 visceribus
2091 630 2173 656 non

242 688 393 744 baesit3
422 695 579 731 tantum
609 690 688 731 fuit
716 691 757 730 in
788 705 835 731 eo
866 691 1170 742 inconstantiae,
1201 696 1354 732 tantum
1383 691 1581 747 ignaviae,
1612 696 1806 746 quantum
1836 691 1877 731 in
1899 690 2011 733 nullo
2036 706 2173 733 eornm

242 767 525 808 Romanorum
565 770 635 824 qni
674 767 962 823 rempublicam
1001 769 1323 823 capessiverunt,
1359 769 1429 824 qui
1469 767 1620 808 factum
1652 773 1734 818 est,
1764 774 1809 808 ut
1837 783 1968 825 neque
1996 784 2173 825 unquam

245 845 463 899 quicquam
493 860 566 885 sua
597 861 731 885 rerum
762 846 993 901 cognitione
1022 852 1180 900 ageret,
1224 852 1262 885 et
1291 860 1415 900 quum
1446 844 1523 884 alia
1554 852 1637 885 tum
1668 846 1709 884 in
1739 844 1949 885 consulatu
1978 844 2066 885 illas
2096 861 2173 897 res,

245 928 415 976 propter
452 916 554 977 quas
578 923 758 963 'summis
796 922 1021 964 bonoribus
1050 921 1237 963 laudatus
1271 929 1387 977 pater
1415 923 1571 978 patriae
1590 921 1731 964 rdictus
1753 925 1833 974 est,
1863 937 1945 963 non
1975 928 2056 964 tam
2086 924 2174 978 ipse

244 996 409 1049 tamt,
436 1010 564 1054 quam
590 997 644 1038 ab
673 997 762 1039 aliis
778 1004 1006 1039 commotus
1028 999 1115 1039 fleri
1138 1000 1297 1039 sineret.
1345 999 1568 1040 Verissimo
1589 1013 1747 1054 semper
1768 999 1934 1040 affectus
1958 1006 1997 1040 et
2015 1014 2173 1042 summo

245 1075 394 1115 timore
420 1082 543 1131 atque
570 1082 678 1116 metu
710 1074 808 1115 nibil
838 1076 1045 1131 antiquius
1072 1074 1239 1126 babuit,
1270 1090 1390 1131 qnam
1420 1090 1472 1115 ne
1499 1074 1599 1130 quid
1627 1076 1670 1115 in
1698 1090 1744 1116 su
1771 1077 1863 1131 ipso
1893 1075 2173 1117 offenderetur.

363 1168 367 1172 ·
411 1153 499 1204 :Qui
528 1152 631 1193 alios
660 1151 880 1207 exprobrat
909 1167 1033 1208 quum
1063 1151 1258 1193 dissensio
1287 1153 1432 1192 civium
1448 1158 1562 1193 -esset
1583 1166 1667 1192 uon
1694 1154 1893 1203 statuisse,
1923 1159 2059 1193 utru-
2077 1152 2174 1194 mal·-

244 1226 330 1269 lent
364 1230 514 1270 sentire
552 1237 590 1271 et
627 1229 866 1280 defendere,
904 1231 939 1270 is
977 1231 1108 1270 minus
1139 1228 1244 1270 Cato
1275 1228 1397 1270 Aelio
1427 1227 1554 1270 Sexto
1592 1231 1754 1286 egregie
1791 1229 2003 1280 cordatus,
2044 1230 2174 1274 nunus

243 1303 390 1346 muco
404 1305 565 1347 Catone
587 1315 788 1357 constans,
816 1321 942 1362 quum
961 1320 1081 1363 quam
1103 1312 1241 1363 ageret
1262 1313 1417 1361 partem
1435 1320 1519 1346 non
1547 1308 1766 1357 statuisset,
1794 1312 1879 1347 tum
1909 1308 2177 1347 ostentatione

246 1384 375 1439 uagis
413 1399 535 1439 quam
566 1385 734 1424 veritate
761 1384 972 1440 popularis
1000 1383 1120 1425 saluti
1154 1384 1295 1439 populi
1333 1383 1411 1424 sibi
1440 1385 1550 1425 visus
1589 1390 1650 1425 est
1686 1385 1917 1435 consulere,
1960 1392 2045 1426 tum
2084 1392 2173 1426 cum

246 1459 451 1516 Pompejo
479 1463 578 1518 egit,
609 1468 692 1501 tum
723 1463 840 1517 qnasi
864 1461 1002 1502 furtim
1025 1460 1225 1501 nobilitati
1248 1460 1416 1511 studuit,
1445 1463 1577 1502 minus
1601 1476 1650 1501 ex
1674 1462 1795 1502 animi
1819 1464 2028 1513 sententia,
2053 1477 2174 1518 quam

244 1539 305 1577 ita
334 1536 415 1578 sibi
448 1539 664 1579 convenire
693 1544 825 1591 ratus,
868 1538 1086 1579 multorum
1124 1553 1220 1579 sans
1258 1545 1484 1593 temporum
1514 1537 1638 1578 homo
1668 1552 1745 1593 pro
1773 1537 1855 1578 fide
1881 1553 2088 1593 nunquam
2109 1538 2175 1578 *ul-

225 1615 342 1655 tima
366 1621 556 1670 expertus
594 1622 664 1655 est.
732 1614 834 1655 Inde
866 1615 1015 1656 factum
1049 1623 1129 1666 est,
1160 1622 1206 1655 nt
1235 1617 1306 1671 qui
1336 1613 1649 1661 dominabantur
1677 1613 1854 1655 bominis
1881 1614 2004 1664 illius,
2049 1629 2168 1670 quem

243 1690 361 1746 quod
392 1692 577 1733 timerent
608 1705 687 1731 non
712 1690 928 1742 habebant,
958 1691 1036 1732 leni
1061 1691 1239 1747 quodam
1264 1693 1401 1733 animo
1424 1693 1583 1732 tractati
1608 1690 1838 1732 fauiltatenn
1857 1691 2177 1747 qualemcunque

241 1766 402 1811 ‹Boendi
439 1770 481 1809 in
519 1783 634 1809 snam
673 1769 845 1824 quisque
888 1783 971 1809 rem
1002 1767 1261 1820 adhiberent,
1300 1770 1333 1809 is
1374 1769 1476 1809 enim
1508 1767 1735 1809 causidicus
1768 1768 1904 1822 potius
1935 1767 2108 1809 disertus
2136 1775 2175 1810 et

246 1841 454 1895 clamator,
485 1860 607 1901 quam
632 1846 730 1885 artis
756 1843 913 1885 dicendi
943 1846 1123 1895 antistes,
1147 1859 1268 1900 quam
1294 1844 1484 1885 divinitus
1514 1844 1647 1885 datam
1677 1844 1860 1885 homines
1889 1845 2043 1900 antiqui
2071 1844 2175 1885 diee-

244 1922 366 1973 bant,
406 1937 488 1962 non
528 1929 609 1963 tam
640 1920 831 1972 ‚fraudem
869 1923 1049 1961 nocentis
1079 1921 1175 1961 odio
1204 1921 1444 1977 subjiciendi
1473 1921 1720 1962 audientium
1750 1928 1788 1961 et
1821 1922 2086 1962 innocentiam
2110 1922 2176 1977 ju-

246 2000 446 2041 diciorum
478 2014 609 2055 poena
648 1997 860 2048 liberandi,
903 2012 1025 2054 quam
1054 2000 1095 2038 in
1126 1998 1307 2054 qualibet
1336 2013 1454 2039 causa
1485 1998 1640 2054 aliquot
1668 1999 1844 2039 rationes
1873 2005 1913 2038 et
1941 2004 2176 2054 argumenta

239 2076 508 2134 supponendi
534 2077 708 2131 peritus,
747 2091 906 2132 semper
934 2076 1214 2132 paratissimus
1245 2082 1330 2117 erat
1367 2074 1474 2116 illius
1503 2073 1770 2116 multitudinis
1798 2090 1920 2132 agere
1955 2081 2174 2126 auctorem,

245 2170 353 2212 quae
392 2153 694 2195 dominantibus
724 2154 908 2193 resistere
935 2168 1017 2192 non
1048 2152 1244 2204 audebat,
1279 2160 1318 2193 et
1347 2168 1455 2208 quae
1477 2152 1618 2208 jussus
1648 2158 1735 2192 erat
1763 2153 1881 2207 quasi
1909 2167 1981 2192 sua
2012 2152 2174 2193 audien·

247 2232 357 2274 tibus
387 2230 557 2272 tradere.

417 2308 512 2360 Qua
542 2308 582 2348 in
614 2304 772 2347 dicendi
801 2306 1015 2357 facultate,
1054 2307 1209 2347 tametsi
1247 2306 1346 2346 nibil
1381 2305 1544 2346 valebat
1575 2305 1653 2345 nisi
1681 2312 1727 2345 ut
1756 2306 1826 2360 qui
1855 2305 2087 2346 interfectus
2117 2319 2176 2346 es-

248 2393 308 2429 set
352 2401 441 2427 eum
481 2386 624 2424 iterum
663 2383 923 2434 interficeret,
962 2389 1094 2423 tamen
1133 2384 1187 2422 ita
1226 2396 1384 2423 omnem
1422 2397 1535 2437 spem
1573 2380 1808 2431 collocavit,
1847 2387 1892 2421 ut
1926 2380 2074 2422 stolida
2112 2382 2175 2421 sui

238 2464 393 2505 {duda
423 2469 463 2503 et
485 2463 619 2502 animo
642 2461 761 2500 nimis
786 2466 917 2501 erecto
943 2467 982 2499 et
1006 2459 1310 2516 quodammodo
1339 2459 1515 2508 turbato,
1551 2473 1670 2499 causa
1695 2473 1816 2514 quam
1841 2464 1978 2513 ageret
1991 2457 2174 2513 neglecta

237 2540 347 2582 'nulli
378 2542 435 2581 rei
465 2537 645 2580 studeret
674 2538 750 2578 nisi
781 2536 837 2577 illi
868 2538 957 2589 arti,
986 2552 1066 2593 qua
1096 2538 1204 2593 parti
1227 2552 1324 2577 snae
1347 2535 1545 2592 judicium
1574 2551 1618 2577 se
1640 2536 1853 2586 victurum,
1877 2533 1955 2575 sibi
1978 2549 2174 2575 summam

239 2618 420 2677 'gloriam
457 2631 503 2657 se
540 2621 868 2671 comparaturum
916 2629 1003 2655 esse
1042 2622 1080 2655 ct
1117 2613 1287 2669 putabat
1324 2621 1363 2655 ct
1388 2612 1600 2670 sperabat.
1687 2614 1782 2654 Non
1820 2618 1975 2653 tantum
2015 2626 2061 2652 ea
2098 2611 2176 2651 fuit

246 2695 515 2737 inconstantia
554 2702 594 2735 et
633 2695 767 2734 animo
806 2693 935 2742 inani,
986 2691 1058 2733 sed
1095 2693 1149 2733 ita
1188 2691 1356 2732 indulsit
1393 2691 1626 2742 humilitati,
1670 2697 1714 2731 ut
1750 2689 1952 2731 clientium
1982 2688 2105 2730 modo
2135 2690 2176 2729 in

248 2780 377 2816 eastra
408 2770 651 2814 Caesariana
680 2770 889 2827 profectus
919 2767 1120 2810 salutandi
1151 2784 1293 2822 cansa,
1323 2770 1364 2809 in
1393 2775 1641 2825 procoetone
1670 2773 1940 2824 exspectaret,
1979 2765 2108 2808 donec
2135 2767 2176 2807 in
