2460 3301
1217 211 1270 252 18

278 337 367 363 esse
394 321 624 372 collectam,
648 327 824 377 querno
845 322 962 377 quasi
980 321 1167 376 puderet
1195 321 1268 363 his·
1287 322 1541 376 orationibus
1570 322 1843 379 publidjun-is.
1856 324 2008 369 fecerit»
2057 326 2210 368 verum

277 397 469 449 est,»·sed
498 412 592 438 -rem
631 412 713 438 non
752 398 883 454 magis
911 398 1084 439 'conficit
1118 413 1242 454 quam
1271 398 1747 442 Habuit-illudfnotnn
1771 399 2066 455 qim-evoluisse
2093 412 2213 444 sexu>

277 476 410 516 tiones
438 477 759 530 provinciarum-3
782 488 880 516 uam
907 476 971 515 eui
992 474 1130 516 hono?
1170 474 1314 515 Cicero
1338 477 1429 530 ipse
1450 474 1649 529 tradit31)
1671 492 1730 527 se,
1751 484 1886 532 'quun
1912 477 2033 519 illam«
2049 481 2209 520 eausa-

277 549 510 592 Sieulorum
539 558 687 608 rogqtu
716 552 956 607 recepisset,
987 550 1131 608 majus
1167 550 1363 608 quiddam
1396 549 1477 592 sihi
1504 553 1789 608 proposuisse,
1827 555 1869 595 in
1906 569 1989 611 quo
2023 569 2142 597 suam
2170 555 2211 596 iu

278 627 572 683 rempublicam
601 628 867 669 voluntatem
879 628 1058 684 populus
1087 630 1301 670 Romanus
1330 629 1559 683 perspicere
1588 636 1738 685 posset.

450 703 564 756 Quid
595 711 656 745 est
684 705 830 760 igitur,
860 703 973 760 quod
1001 703 1081 745 sibi
1112 704 1241 760 majus
1272 705 1510 760 proposuit,
1552 706 1593 745 iu
1623 721 1706 762 quo
1736 705 1923 747 voluutas
1953 708 1994 748 iu
2017 664 2212 763 rempuli-

277 781 394 822 licam
426 782 685 822 cerncretur?
743 782 810 822 Tu
842 782 938 837 lege
967 780 1090 822 verba
1122 796 1227 837 quae
1255 782 1540 837 sequntur.³2)
1598 783 1715 823 Haec
1743 790 1855 824 sunt:
1900 784 2054 834 „Nam
2084 783 2212 824 illud

278 857 428 909 „mihi
459 871 766 914 nequaquam
797 856 998 914 dignu-m
1028 857 1275 899 industria
1307 865 1586 914 conatuque
1614 875 1717 901 meo
1747 858 2034 911 videbatur,
2064 861 2211 901 istum

278 949 336 986 „a
361 950 432 976 me
457 936 504 975 in
529 933 774 991 judicium
797 935 895 991 jam
927 936 1136 976 omnium
1160 934 1355 991 judicio
1385 934 1763 983 condemnatum
1792 938 1962 978 vocari
1991 938 2086 978 nisi
2116 938 2210 978 ista

278 1018 395 1063 „tua
434 1011 774 1053 intolerabilis
810 1013 1034 1067 potentin
1071 1018 1115 1052 et
1154 1027 1204 1051 ea
1247 1011 1518 1067 cupiditas,
1557 1028 1650 1069 qua
1687 1028 1772 1069 per
1801 1014 1949 1055 hosce
1978 1028 2134 1055 annos
2163 1015 2212 1054 in

277 1088 605 1145 „quibusdam
629 1089 839 1145 judiciis
868 1105 984 1130 usus
1014 1104 1064 1129 es
1095 1090 1237 1129 ctiam
1268 1091 1314 1129 in
1344 1088 1489 1145 hujus
1519 1089 1733 1132 hominis
1763 1091 2022 1147 desperati
2062 1106 2210 1132 causa

277 1168 729 1222 „interponeretun
789 1167 928 1207 Nunc
964 1180 1079 1206 vero
1119 1167 1350 1221 quoniam
1388 1165 1507 1207 haec
1538 1174 1583 1207 te
1612 1169 1770 1209 omnis
1797 1167 2073 1209 dominatio
2104 1182 2212 1223 reg-

277 1257 524 1300 „numque
560 1242 867 1298 judiciorum
908 1249 1044 1283 tanto
1090 1258 1240 1299 opere
1282 1241 1515 1294 delectat,
1560 1251 1607 1284 et
1648 1251 1761 1284 sunt
1804 1243 2045 1295 homines,
2088 1258 2212 1300 quos

277 1395 373 1449 „dc
406 1396 652 1439 industria
690 1398 736 1438 in
776 1396 939 1438 odium
980 1396 1414 1454 offensionemque
1452 1397 1625 1453 populi
1664 1398 1875 1440 Romani
1913 1400 2108 1440 irruere
2144 1398 2213 1437 vi—

277 1474 543 1526 „deantur,
574 1473 667 1515 hoe
694 1489 765 1515 me
795 1475 1045 1530 profiteor
1073 1475 1356 1530 suscepisse
1378 1489 1602 1531 magnum
1629 1475 1851 1516 fortasse
1875 1489 1999 1516 onus
2026 1473 2213 1516 etmihi

278 1552 676 1609 „periculosum,
708 1567 873 1593 verum
906 1559 1062 1592 tamen
1093 1551 1292 1607 dignum
1323 1553 1371 1591 in
1401 1566 1496 1607 quo
1528 1567 1695 1593 omnes
1724 1567 1903 1593 nervos
1932 1553 2113 1593 aetatis
2143 1554 2212 1592 in-

277 1630 636 1685 „dustriaeque
679 1643 812 1669 meae
853 1628 1217 1669 contenderem.
1289 1627 1532 1680 Quoniam
1576 1635 1715 1670 totus
1760 1628 1885 1669 ordo
1943 1643 2213 1684 pancorum

277 1706 638 1763 „improbitate
686 1713 731 1746 et
774 1705 981 1746 audacia
1025 1707 1266 1760 premitur
1311 1712 1357 1745 et
1399 1713 1607 1761 urgetur
1652 1706 1860 1746 iufamia
1899 1705 2212 1761 judiciorum

278 1784 564 1841 „profiteor
607 1782 720 1824 huic
764 1783 932 1839 generi
975 1781 1219 1823 hominum
1265 1797 1334 1822 me
1375 1784 1625 1824 inimicum
1665 1789 2030 1833 accusatorem,
2075 1781 2214 1823 odio-

278 1876 434 1914 „sum,
472 1859 722 1902 assiduum
763 1858 991 1900 acerbum
1030 1858 1418 1900 adversarium.“
1447 1882 1504 1913 7—-
1534 1860 1653 1913 Quae
1682 1860 1752 1916 qui
1782 1860 2000 1915 inspexerit
2027 1858 2151 1900 verba
2181 1860 2214 1899 is

276 1939 430 1981 videbit
451 1952 635 1995 pugnare
650 1936 889 1979 Ciceronem
912 1943 1053 1978 contra
1075 1936 1367 1990 Hortensium
1395 1936 1437 1977 id
1462 1952 1584 1994 agere
1606 1944 1650 1978 ut
1676 1952 1766 1978 eum
1796 1936 1888 1978 loco
1919 1942 2091 1988 moveat,
2122 1951 2214 1978 eum

278 2023 461 2072 superet,
502 2031 591 2056 eum
621 2014 830 2065 devincat,
867 2029 961 2054 uon-
986 2013 1107 2053 laude
1135 2018 1304 2069 arteque
1332 2015 1533 2064 oratoria,
1571 2029 1663 2054 nam
1701 2014 1880 2055 fructum
1918 2015 2039 2054 istum
2067 2012 2215 2063 laudis,

280 2095 349 2150 qui
380 2109 428 2135 ex
459 2099 655 2150 perpetua
685 2093 869 2133 oratione
896 2093 1049 2147 percipi
1074 2092 1219 2147 possit,
1241 2089 1319 2131 sibi
1339 2098 1539 2144 reservat3
1568 2092 1816 2133 Hortensius
1845 2107 1971 2147 quum
2001 2091 2217 2131 instituerit

276 2185 463 2228 pugnare
490 2185 574 2210 non
604 2185 652 2210 ex
682 2184 756 2210 sua
786 2175 944 2219 natura,
975 2167 1046 2209 sed
1077 2183 1125 2209 ex
1156 2168 1298 2209 Verris
1328 2175 1512 2223 tempore
1542 2175 1581 2209 et
1610 2182 1755 2218 causa,
1795 2166 1995 2209 malitiose
2031 2166 2124 2208 huie
2154 2182 2215 2207 ra-

279 2249 379 2289 tioni
410 2246 550 2303 aliquo
580 2246 705 2287 modo
746 2246 945 2287 obsistere
983 2245 1242 2298 conatui-5³³)
1302 2245 1548 2285 Hortensius
1586 2246 1730 2285 summi
1766 2244 1834 2286 ille
1872 2245 2022 2301 ingenii
2062 2251 2214 2294 orator,

279 2340 434 2367 summa
472 2323 632 2366 dicendi
668 2322 863 2365 facultate
901 2324 1100 2379 copiaque
1139 2320 1346 2378 praeditus
1384 2329 1478 2363 tunc
1517 2323 1711 2378 temporis
1744 2336 1827 2362 non
1857 2328 1939 2363 tam
1969 2320 2050 2363 dux
2080 2328 2119 2363 et
2148 2337 2216 2364 an·

279 2405 392 2445 tistes
418 2417 545 2460 quam
575 2408 774 2458 patronus
804 2408 889 2442 erat
917 2400 1114 2442 nobilium
1152 2398 1423 2456 quorundam,
1454 2401 1524 2456 qui
1554 2407 1593 2441 et
1621 2413 1769 2457 genere
1797 2413 1872 2439 suo
1903 2405 1942 2440 et
1971 2397 2216 2454 reipublicae

278 2482 436 2522 tutione
463 2480 571 2531 freti,
602 2478 864 2521 inferioribus
887 2478 1029 2534 populi
1053 2477 1239 2533 partibus
1262 2478 1503 2531 contemptis
1525 2484 1564 2517 et
1589 2476 1789 2531 despectis
1813 2483 1894 2517 tam
1917 2475 1995 2516 sibi
2015 2474 2216 2525 vivebant,

278 2563 326 2598 ut
352 2558 509 2613 patriae
538 2555 668 2597 salute
697 2554 879 2612 neglecta
910 2556 950 2595 iu
979 2555 1200 2610 provinciis
1230 2551 1558 2594 administrandis
1597 2552 1737 2594 aliisve
1763 2551 1999 2594 muneribus
2029 2550 2217 2609 gerendis

280 2649 394 2676 suam
423 2632 552 2675 solam
583 2649 667 2674 rem
698 2640 876 2690 agenteS,
903 2648 1027 2688 quum
1052 2638 1220 2686 propter
1244 2631 1402 2671 divitias
1431 2629 1580 2686 quibus
1608 2631 1781 2671 accusati
1805 2635 2000 2685 patronos
2030 2635 2217 2680 emerent,

350 2795 402 2839 ³¹)
429 2791 553 2831 Oratt.
581 2792 696 2831 Verr.
722 2793 812 2830 Act.
838 2792 871 2840 l,
898 2792 955 2830 34.
1009 2793 1061 2837 ³²)
1088 2790 1114 2827 l.
1140 2789 1165 2827 l.
1187 2792 1275 2828 Act.
1296 2790 1327 2835 l,
1346 2789 1404 2829 35.
1457 2793 1508 2835 ³³)
1536 2788 1561 2826 l.
1588 2788 1614 2826 l.
1638 2790 1727 2826 Act.
1747 2789 1780 2838 Ι,
1799 2789 1857 2829 33.
