2460 3301
1215 247 1270 288 23

284 359 443 412 Cicero,
473 358 516 401 id
546 366 749 401 assecutus
779 374 861 400 non
891 365 962 401 est.
1018 360 1190 400 Patroni
1216 357 1375 400 laudem
1405 360 1626 414 reportavit
1656 365 1693 399 et
1723 359 1928 399 verissima
1959 365 2052 399 sunt
2080 357 2204 399 verba

284 437 351 478 illa
366 438 452 492 344]
482 452 628 493 „ego,
660 435 790 494 quod
820 435 877 477 ad
908 452 977 478 me
1005 438 1187 478 attinet
1211 435 1406 493 judices
1429 436 1541 476 vici:
1565 451 1659 476 non
1686 438 1806 476 enim
1830 435 1992 492 spolia
2016 436 2205 487 Verris,

285 514 408 566 „sed
446 515 855 554 existimationem
893 500 1664 578 quvfflziiff‘fflifffliffffissixfivifl
1721 513 1813 552 Hac
1846 511 1965 552 laude
2002 527 2081 552 non
2112 527 2207 552 con-

285 598 431 644 tentus,
461 597 506 632 ut
529 605 605 646 pro
631 588 799 642 viribus,
822 589 864 631 id
889 589 1001 647 quod
1024 589 1101 631 sibi
1122 596 1405 646 proposuerat,
1435 587 1555 630 rebus
1578 588 1749 645 publicis
1775 588 2010 641 consuleret,
2042 589 2207 632 alteram

286 669 482 709 actionem
513 666 650 718 edidit,
682 682 761 722 qua
791 682 873 707 non
903 667 1091 707 invidiam
1122 666 1255 707 studet
1281 666 1456 707 conflare
1473 665 1720 720 judiciorum
1745 681 1848 722 quae
1872 674 1955 706 tum
1980 674 2104 717 erant,
2134 665 2206 707 sed

290 752 330 788 et
368 744 438 790 his,
473 742 725 785 orationihus
767 750 906 786 contra
945 743 1298 801 profligatissimos
1335 742 1427 783 illos
1468 749 1505 782 et
1534 741 1825 798 perditissimos
1856 751 2010 800 pugnat
2038 743 2207 794 nobiles,

283 838 460 880 quorum
504 821 725 878 cupiditate
761 829 800 864 et
831 822 997 864 infamia
1027 822 1242 877 perniciem
1272 819 1518 877 reipublicae
1545 821 1680 876 parari
1712 820 1941 862 arbitratur.
2002 820 2108 863 Sunt
2136 836 2208 877 op·

286 902 464 951 timates,
496 901 566 955 qui
594 913 677 940 non
707 898 784 940 sibi
814 898 885 940 sed
914 897 1158 954 reipublicae
1186 898 1398 939 vivendum
1429 899 1575 948 sciant,
1617 912 1789 953 quorum
1829 913 1952 953 quum
1982 899 2135 938 intersit
2164 904 2208 938 nt

288 978 452 1018 infamia
490 974 643 1016 ordinis
681 975 809 1017 deleta
848 983 969 1031 atque
1006 977 1151 1016 civium
1182 974 1383 1016 discordia
1415 973 1571 1015 sublata
1602 973 1830 1030 respublica
1862 976 2114 1025 restituatur,
2144 973 2207 1014 his

288 1053 539 1105 orationibus
577 1061 622 1093 ut
654 1052 806 1109 judicia
846 1069 966 1109 quam
1005 1052 1307 1109 religiosissime
1344 1052 1515 1102 faciant,
1554 1050 1750 1093 hortatur.
1781 1075 1836 1082 —-
1866 1051 1926 1091 At
1957 1052 2057 1091 enim
2088 1052 2208 1090 nimia

291 1133 354 1173 sui
383 1130 533 1172 fiducia
562 1131 756 1187 majorem
786 1146 907 1187 quam
937 1145 1012 1185 par
1041 1137 1126 1171 erat
1154 1131 1195 1170 in
1225 1135 1310 1170 arte
1343 1143 1415 1170 sua
1456 1127 1667 1169 collocavit
1703 1128 1840 1183 spem?
1897 1127 2001 1180 Quis
2042 1134 2100 1169 est
2138 1128 2208 1183 qui

290 1207 438 1265 neget?
494 1207 532 1247 E
562 1222 728 1248 numero
768 1213 827 1248 est
864 1221 1003 1249 eorum
1042 1208 1111 1264 qui
1149 1204 1399 1262 temporibus
1427 1204 1490 1245 vel
1520 1205 1691 1245 maxime
1720 1203 1891 1245 turbatis
1922 1205 2038 1244 etiam
2070 1217 2207 1244 eorum

289 1285 413 1327 verba
442 1292 606 1340 sperant
635 1284 778 1337 audiri,
809 1287 878 1342 qui
907 1285 1103 1341 interjecti
1134 1282 1434 1341 quodammodo
1464 1284 1568 1323 inter
1597 1282 1677 1323 duo
1709 1284 1853 1324 civium
1877 1281 2117 1339 litigantium
2140 1296 2208 1338 ge-

290 1378 387 1410 nera
418 1363 640 1414 contraria,
671 1363 789 1403 vicini
819 1361 1032 1404 amborum
1060 1363 1269 1418 utriusque
1298 1360 1513 1416 participes
1542 1360 1605 1401 vel
1634 1361 1667 1400 si
1697 1375 1835 1401 verum
1867 1358 2034 1400 dicimus
2063 1359 2209 1398 utrius-

292 1456 372 1498 que
399 1442 536 1496 potius
566 1446 748 1496 expertes
778 1455 938 1481 auream
968 1440 1076 1481 illam
1105 1438 1270 1479 laudant
1299 1437 1635 1489 mediocritatem,
1674 1453 1778 1493 quae
1818 1444 1878 1478 est
1915 1438 2016 1477 inter
2044 1436 2208 1476 nimium

292 1524 331 1559 et
359 1532 515 1574 parum.
545 1541 601 1547 ——
630 1516 691 1558 At
719 1518 760 1557 in
790 1516 853 1557 his
883 1515 1003 1557 rebus
1033 1516 1216 1557 doctrina
1245 1515 1419 1571 quadam
1448 1514 1639 1570 abreptus
1664 1516 1792 1571 magis
1818 1520 1888 1564 est,
1920 1527 2040 1569 quam
2065 1511 2208 1552 ductus

291 1610 426 1636 rerum
454 1593 644 1635 veritate?
710 1595 806 1635 Hoc
843 1595 1005 1645 vitium,
1045 1595 1079 1634 si
1117 1593 1255 1633 vitium
1295 1591 1505 1633 dicendum
1538 1607 1747 1633 commune
1776 1598 1833 1632 est
1864 1591 2039 1631 omnium
2071 1603 2208 1629 eorum

294 1687 467 1729 quorum
496 1678 648 1712 mentes
679 1678 718 1712 et
747 1673 1010 1728 cogitationes
1041 1670 1228 1712 Ciceroni
1257 1668 1405 1711 similes
1434 1676 1538 1710 sunt.

360 1837 415 1879 4⁴²)
443 1832 567 1870 Oratt.
588 1832 704 1870 Verr.
726 1832 815 1868 Act.
838 1830 890 1877 ΙΙ,
914 1832 947 1878 1,
968 1830 1025 1868 21.
