2460 3301
1236 253 1288 293 19

293 363 454 420 judiees
496 368 799 418 corrumperent
835 369 926 413 ete,
963 369 1004 403 et
1031 362 1159 404 edicta
1188 366 1358 418 pemnia
1395 371 1602 404 numerata
1638 362 1876 412 venderent,
1916 370 1953 403 et
1992 364 2221 417 provincias

299 447 490 482 vexarent
527 440 850 496 diriperentqae,
889 453 954 480 res
972 470 975 473 Α
991 439 1175 495 pabiscus
1212 440 1254 480 in
1290 439 1376 481 dies
1412 442 1542 496 nug-is
1572 439 1866 496 perturbarent.
1924 438 2062 491 Quum
2090 440 2222 496 magis

298 517 456 558 dicendi
474 516 774 557 filla-facultate
802 522 856 556 et-
872 517 988 570 copia
1015 516 1180 557 flos-eret
1209 518 1331 572 quam
1361 516 1556 572 relig-ione
1592 523 1781 572 metuque
1817 516 1952 571 leg-um
1991 523 2030 556 et
2065 517 2223 557 institn-

297 595 451 635 tionum
481 592 739 650 reipublicae,
768 608 890 649 saepe
911 591 1119 634 accidebat
1139 600 1185 635 ut
1204 608 1360 634 summa
1381 595 1422 634 in
1441 592 1606 650 judiciis
1628 600 1807 644 uteretur
1831 590 2061 648 cupiditate,
2091 607 2222 650 neque

296 672 519 726 putaverim
557 670 684 711 ullum
719 670 853 711 ‘fuisse
885 670 1066 725 judicem
1104 684 1249 711 causae
1286 672 1446 720 Verris,
1487 671 1584 725 quin
1625 685 1750 725 quum
1788 668 1944 710 audiret
1973 669 2071 711 haec
2098 669 2222 711 verbu

299 749 494 789 oratoris:
525 753 606 799 „et
629 762 680 788 ea
712 746 980 803 cupiditas,
1009 762 1103 803 qna
1133 761 1222 802 per
1249 745 1398 787 hosce
1426 761 1579 787 annos
1608 747 1655 787 in
1685 745 1986 803 quibusdam
2010 745 2220 802 judiciis

296 839 446 874 „usus
477 824 643 877 es4‘34)
672 838 815 864 causas
844 822 994 864 sibi-in
1023 830 1193 864 mentem
1223 825 1483 873 revocaverit,
1516 839 1621 880 quae
1644 825 1855 864 Hortensii
1880 823 2057 863 artificiis
2080 830 2220 864 contra

296 900 406 957 leges
434 902 563 941 victae
593 901 813 954 essent.³⁵)
871 900 990 952 Quae
1019 914 1143 955 quum
1171 902 1227 941 ita
1258 907 1410 951 essent,
1441 908 1596 942 tantum
1626 902 1667 940 in
1692 900 1856 957 judiciis
1886 898 2043 940 valebat
2080 908 2123 940 ut
2154 899 2221 941 Ci-

298 992 389 1018 cero
420 977 471 1018 de
499 977 772 1018 dominatione
801 977 887 1032 ejus
917 992 1125 1033 regnoque
1148 976 1396 1032 judiciorum
1426 978 1673 1034 loqueretur,
1703 984 1748 1018 ut
1778 979 1883 1018 cives
1912 978 2016 1017 inter
2043 992 2089 1017 se
2115 976 2220 1017 dice-

299 1060 406 1095 rent:
436 1053 499 1095 his
523 1053 688 1110 judiciis
719 1053 880 1095 divitem
910 1069 1023 1095 reum
1052 1053 1115 1094 vel
1144 1056 1471 1096 nocentissimum
1502 1054 1760 1096 condemnari
1782 1068 1865 1094 non
1888 1068 2024 1109 posse,
2045 1060 2090 1093 ut
2113 1053 2219 1094 nulla

296 1132 615 1172 existimarentur
644 1145 732 1172 esse
755 1130 920 1187 judicia.
977 1131 1099 1171 Hanc
1135 1133 1310 1172 oratoris
1349 1134 1627 1174 auctoritatem
1663 1131 1806 1173 tollere
1834 1130 1969 1172 studet
1998 1145 2045 1171 ac
2074 1130 2218 1172 delere.

298 1208 482 1248 Patrono
522 1214 734 1262 superato,
777 1214 816 1248 et
854 1209 909 1248 ita
938 1214 1147 1263 superato,
1184 1214 1231 1248 ut
1266 1209 1373 1248 vitiis
1404 1207 1497 1263 ejus
1533 1208 1747 1249 denudatis
1777 1214 1815 1248 et
1844 1208 2064 1263 perspectis
2094 1222 2217 1262 quum

297 1286 514 1325 auctoritas
537 1286 729 1326 exstincta
754 1286 818 1335 sit,
849 1284 956 1325 nulla
974 1283 1061 1340 'iam
1084 1286 1135 1325 sit
1158 1284 1243 1341 ejus
1269 1284 1489 1326 dominatio
1514 1285 1667 1326 nullum
1691 1300 1859 1342 regnum
1884 1283 2145 1341 judiciorum,
2171 1299 2220 1325 ue

297 1363 332 1403 ei
354 1361 529 1419 quidem,
552 1376 727 1418 quorum
750 1361 882 1401 fuerat
905 1366 1113 1415 patronus,
1138 1376 1182 1402 ea
1202 1375 1282 1418 qua
1305 1361 1531 1418 usquedum
1553 1364 1681 1419 gavisi
1706 1369 1811 1412 suut,
1835 1363 1970 1402 vivent
1992 1362 2220 1411 securitate;

296 1455 318 1480 e
346 1441 562 1494 provinciis
593 1454 717 1493 quum
748 1437 1002 1479 decesserunt
1031 1441 1206 1480 accusati
1236 1441 1270 1480 si
1300 1441 1362 1480 rei*
1386 1447 1576 1481 nocentes
1607 1442 1688 1481 sint
1717 1442 1758 1480 in
1781 1439 1947 1494 judiciis
1974 1437 2220 1479 damnabun-

298 1608 425 1649 „que
454 1608 570 1633 suae
599 1607 755 1648 neque
782 1592 932 1647 pudet
956 1607 1114 1648 neque
1138 1593 1321 1645 taedet,
1351 1596 1436 1650 qui
1465 1596 1608 1650 quasi
1631 1594 1688 1635 de
1710 1594 1961 1634 industria
1985 1595 2033 1633 in
2058 1591 2220 1632 odium

298 1670 771 1725 „offensionemque
809 1669 984 1724 populi
1021 1669 1231 1711 Romani
1273 1672 1464 1713 irruere
1501 1670 1865 1724 videntur.“³⁶)
1930 1671 2027 1711 Jam
2066 1666 2219 1709 videbis

299 1746 398 1803 quid
417 1748 479 1787 sit
506 1745 607 1786 illud
644 1745 755 1802 quod
793 1745 922 1801 majus
951 1745 1097 1799 Cicero
1136 1746 1220 1787 sibi*
1252 1750 1528 1803 proposuerit„
1588 1748 1684 1789 Non
1729 1748 1780 1788 ad
1818 1754 1944 1788 totam
1985 1745 2220 1803 aggreditur

297 1823 600 1879 opprimendam
630 1823 970 1876 nobilitatem,³⁷)
1000 1823 1077 1864 seda
1100 1838 1206 1879 qaae
1235 1826 1383 1866 Verres
1412 1827 1447 1866 ei
1478 1827 1672 1880 proponit
1701 1827 1900 1876 „inania
1936 1823 2219 1865 nobilitatis

298 1900 425 1953 „hoc
455 1907 525 1941 est
553 1898 799 1940 homiuum
830 1901 1174 1955 arrogantium
1204 1902 1417 1952 nomina,
1449 1903 1531 1957 qui
1562 1917 1658 1942 non
1685 1908 1779 1942 tam
1803 1901 2069 1956 impediunt
2090 1897 2220 1955 quod

299 1976 524 2029 „nobiles
554 1983 685 2027 sunt,
717 1991 857 2033 quam
888 1976 1125 2032 adjuvant
1152 1977 1286 2033 quod
1316 1980 1422 2020 noti
1451 1978 1684 2033 sunt⁶⁴³⁸J
1717 1980 1786 2035 qui
1809 1978 1886 2020 sibi
1917 1980 2091 2020 viventes
2121 1992 2220 2019 rem-

298 2053 500 2111 publicam
529 2053 646 2095 flocci
675 2054 840 2104 radunt,
871 2068 995 2110 quum
1024 2052 1086 2095 his
1116 2069 1198 2095 non
1228 2057 1434 2111 oppressis
1464 2054 1692 2112 respublica
1722 2063 1833 2097 stare
1854 2071 1936 2096 non
1956 2056 2098 2111 possit,
2128 2054 2220 2095 huic

296 2133 434 2188 generi
464 2131 670 2172 hominum
698 2146 743 2172 se
770 2132 973 2171 inimicum
995 2132 1220 2185 profitetur.
1264 2132 1348 2184 Qui
1373 2133 1523 2173 fuerint
1549 2140 1587 2173 et
1605 2141 1707 2189 quot
1730 2148 1896 2175 numero
1921 2133 2019 2174 nihil
2041 2133 2092 2173 ad
2117 2148 2220 2184 rem;

298 2210 397 2250 satis
434 2208 554 2250 facile
592 2214 651 2249 est
690 2207 846 2264 aliquot
884 2209 1045 2249 nomina
1086 2208 1283 2263 proferre.
1342 2209 1410 2250 Tu
1447 2224 1543 2251 vero
1573 2209 1658 2250 noli
1682 2225 1832 2267 urgere
1861 2209 2068 2251 Ciceronis
2099 2209 2221 2251 verba

297 2286 543 2339 dieentis³⁹)
569 2286 825 2340 „quoniam
848 2291 983 2326 totus
1007 2284 1131 2325 ordo
1152 2300 1420 2340 paucorum
1445 2286 1769 2342 improbitate
1799 2295 1841 2328 et
1873 2287 2077 2327 audacia
2110 2302 2221 2341 pre·

372 2460 423 2502 ³⁴)
451 2457 574 2495 Oratt.
599 2456 715 2495 Verr.
741 2456 829 2492 Aet.
856 2455 888 2502 Ι,
914 2455 978 2494 35.
1043 2458 1096 2500 ³⁵)
1122 2457 1324 2504 Bernhardy,
1357 2458 1433 2495 τῦιιι.
1459 2459 1813 2507 Litteraturgesclliehte
1846 2471 1880 2507 p.
1906 2456 1971 2495 661
2003 2463 2051 2493 et.
2077 2460 2112 2497 A.
2139 2458 2221 2497 537.

368 2528 420 2569 8ὃ)
448 2525 572 2561 Oratt.
598 2524 712 2561 Verr.
738 2525 826 2559 Aet.
854 2523 886 2569 Ι,
911 2524 969 2561 35.

365 2596 417 2638 ³⁷)
445 2595 544 2641 Halm,
571 2595 708 2632 Cicero's
735 2593 960 2641 ausgewahlte
986 2594 1106 2639 Redeo,
1133 2593 1167 2631 B.
1187 2595 1218 2637 2,
1245 2594 1424 2641 Einleitung
1449 2598 1468 2635 §
1492 2595 1526 2631 7:
1553 2603 1589 2631 es
1615 2594 1681 2641 gaJt
1706 2594 1792 2632 nieht
1817 2594 1888 2631 bles
1915 2594 1988 2632 dem
2014 2595 2222 2642 gefeiertsten

441 2653 568 2690 Redner
592 2656 699 2690 seiher
724 2653 792 2689 Zeit
817 2652 867 2688 dle
891 2652 1000 2689 Palme
1027 2652 1083 2690 der
1108 2652 1348 2689 Beredsamkeit
1382 2662 1422 2689 zu
1458 2652 1658 2697 emulum,
1689 2652 1829 2689 sondern
1860 2653 1945 2690 aueh
1977 2653 2034 2690 der
2066 2664 2222 2701 ganzen

440 2710 598 2756 Nobilitas,
623 2711 749 2748 welche
777 2710 875 2747 durch
893 2710 1107 2756 partheiische
1129 2710 1350 2757 llandhabung
1369 2711 1425 2747 der
1444 2710 1586 2747 Gerlchte
1610 2710 1666 2747 der
1685 2709 1953 2758 Ausplsmderung
1972 2712 2028 2749 der
2046 2712 2222 2751 Provinzen

440 2769 614 2817 gleichsam
641 2769 703 2805 den
729 2768 869 2814 Stempel
895 2768 954 2804 des
979 2769 1098 2806 Rechts
1125 2766 1333 2812 anmi-fleme,
1371 2770 1442 2804 eine
1481 2768 1702 2814 empfindliche
1726 2767 1961 2817 Demfithigung
1984 2770 2223 2819 beizubringen.

365 2839 417 2881 ³⁸)
444 2836 566 2873 Oratt.
592 2835 706 2873 Verr.
735 2837 823 2872 Act.
850 2835 880 2882 Ι,
909 2837 963 2874 15.
1015 2838 1067 2880 ³⁹)
1094 2834 1119 2871 l.
1144 2834 1169 2871 l.
1196 2835 1284 2871 Act.
1311 2835 1341 2882 Ι,
1367 2834 1425 2874 36.
