2460 3301
1197 222 1223 264 5

254 331 399 385 odida,
431 331 1083 383 norem-secutumffiaccorum,
1120 334 1204 389 qui.
1221 332 1421 390 ejusmodi
1447 334 1611 389 scriptis
1639 333 1788 374 famam
1818 333 2177 376 stiamstudebant

252 418 429 467 suffen-eg
451 413 590 466 itaq-e
616 409 856 465 navias-id,
869 409 995 465 'od
1022 419 1105 452 no·
1134 417 1221 453 erat
1247 419 1408 455 elmon-e
1428 411 1725 461 Romanorum,
1750 413 1791 452 in
1813 411 1948 455 literas
1968 413 2179 454 Romam

252 486 487 530 introduxit.
524 487 837 529 Et‘eeterasm
854 487 1062 540 aispeatu
1089 484 1344 530 abcolibris
1360 485 1542 540 traditas,
1564 493 1648 529 tam
1673 486 1772 529 nihil
1798 488 1934 539 valuit,
1965 496 2009 530 ut
2033 504 2178 545 quase

252 567 428 605 verteret
450 561 550 605 nihil
568 562 666 605 fen-01
678 564 907 613 interesset,
915 562 1459 618 namquum‘stupidissimis
1481 562 1616 604 verbis
1632 578 1790 619 semper
1807 563 2045 617 abundaret,
2066 566 2176 608 nulla

254 647 340 681 erat
355 640 502 680 ars-vel
523 641 746 694 provincia,
764 640 921 694 quinci
936 618 1053 679 libi-is
1071 639 1228 694 aliquot
1244 640 1421 681 collectis
1450 640 1502 680 ad
1522 640 1912 681 dissertatiunmlam
1931 650 2000 682 aut
2023 650 2177 683 vta-tm-

253 716 346 757 dam
363 722 433 758 aut
449 715 804 772 conglutinandam
826 715 1033 758 materiam
1050 714 1272 771 praeheret.
1328 716 1384 758 Et
1404 723 1593 771 expertus
1613 724 1672 758 est
1689 716 1774 759 scre
1791 719 1936 759 omnia.
1990 719 2177 761 Innumc-

253 792 449 834 rabilibus
473 791 852 835 versib-:sethiani
880 798 921 834 et
940 792 1142 834 sua1facta
1168 794 1323 843 cecinit,
1346 792 1600 833 orationibus
1616 793 1944 844 Demosthenem,
1961 795 2175 836 Platonem

252 868 592 926 disputationibus
606 867 898 926 philosophicis
918 874 1087 911 conatus
1111 875 1171 911 est
1193 884 1398 926 superare,
1419 870 1551 910 minus
1575 870 1678 910 vires
1706 869 1919 912 defuerunt
1937 886 2059 927 quam
2079 879 2175 913 tem-

252 963 329 1002 pus
358 947 410 988 ad
440 946 727 1004 'l'hukydidem
756 946 925 988 historia
949 948 1174 1003 conscripta
1193 948 1442 989 vincendum.
1484 947 1721 989 Simillimus
1741 950 1820 990 fuit
1835 949 1996 990 illorum
2014 957 2175 992 nostrae

253 1026 393 1066 aetatis
429 1026 622 1075 virorum,
663 1025 733 1079 qui
769 1029 937 1078 propter
973 1023 1365 1075 dissertatiuncula,
1406 1040 1510 1080 quae
1547 1027 1646 1066 actis
1683 1024 1838 1066 damis
1865 1027 2107 1077 inseruntur,
2131 1042 2176 1067 se

252 1108 437 1142 auctores
466 1099 739 1142 nobilissimos
769 1116 856 1142 csse
872 1102 961 1142 ‚rati
988 1101 1030 1141 in
1060 1099 1165 1142 diem
1194 1101 1343 1141 vivunt.
1387 1100 1526 1157 Opera
1557 1101 1643 1157 ejus
1673 1101 1869 1157 ampliora
1897 1101 2023 1143 multo
2054 1118 2175 1158 qnam

246 1176 511 1234 jucundiora,
551 1183 674 1233 atque
714 1178 756 1217 in
786 1176 1063 1217 desertissimis
1096 1176 1176 1218 illis
1215 1176 1529 1232 aridissimisqne
1567 1184 1763 1218 terrarum
1801 1177 2035 1234 regionibus
2071 1195 2174 1220 nnus

253 1254 368 1295 loeus
398 1260 481 1303 cst,
522 1255 592 1309 qui
620 1255 726 1308 prati
757 1254 874 1308 quasi
900 1252 1040 1297 viridis
1076 1253 1248 1294 similior
1277 1268 1364 1295 esse
1391 1253 1592 1294 videatur:
1629 1255 1785 1294 initium
1822 1262 1885 1295 est
1922 1256 2087 1297 secundi
2123 1257 2175 1298 de

252 1330 412 1387 legibus
440 1329 546 1370 libri.
604 1330 683 1372 vel
703 1331 965 1385 optimorum
1001 1329 1220 1381 librorum,
1261 1345 1330 1371 cos
1360 1330 1474 1380 dico,
1511 1333 1584 1386 qui
1624 1337 1717 1371 sunt
1754 1330 1805 1371 de
1842 1338 1927 1372 arte
1960 1331 2175 1383 rhetorica,

252 1424 379 1465 quum
399 1408 614 1449 maximam
638 1414 793 1464 partem
812 1414 850 1449 et
873 1407 1149 1450 suavissimam
1178 1421 1312 1449 rerum
1342 1406 1595 1459 traditarum,
1624 1415 1708 1449 tum
1737 1407 1911 1449 formam
1941 1407 2175 1465 disputandi

253 1491 458 1526 mutuatus
475 1491 537 1525 est
554 1500 578 1526 a
598 1484 791 1538 Graecis,
818 1486 978 1539 scriptis
1001 1482 1292 1538 philosophicis
1316 1499 1511 1525 summam
1535 1485 1631 1525 fecit
1656 1485 1870 1539 repulsam,
1900 1486 2013 1541 quod
2042 1502 2169 1542 quiam

252 1578 317 1603 res
344 1563 516 1602 maxime
544 1561 731 1617 vulgares
761 1568 800 1602 et
828 1561 1045 1616 populares
1074 1576 1151 1616 pro
1180 1562 1374 1615 sapientia
1397 1560 1587 1602 venderet
1610 1561 1847 1612 Socratica,
1863 1578 1943 1603 non
1972 1570 2032 1604 est
2062 1564 2173 1619 quod

251 1640 418 1681 mireris.
463 1638 610 1680 Unum·
625 1644 685 1680 est
704 1636 820 1694 quod
842 1638 1016 1680 mireris:
1047 1636 1246 1694 ejusmodi
1266 1638 1414 1693 scripta
1439 1643 1650 1693 tantopere
1672 1643 1710 1679 et
1739 1637 1893 1679 laudari
1924 1644 1963 1680 et
1992 1638 2171 1681 lectitari,

252 1716 338 1757 Sed
368 1730 418 1756 ne
446 1715 525 1755 hoc
554 1714 717 1771 quidem
745 1722 828 1754 non
857 1713 979 1755 habet
1007 1728 1089 1770 quo
1120 1714 1349 1769 explicetur.
1407 1714 1571 1769 Lingua
1608 1716 1710 1754 enim
1740 1715 2021 1755 Romanorum
2060 1716 2174 1756 nobi·

252 1794 418 1842 lissima,
448 1794 683 1847 priusquam
711 1793 862 1831 rustico
892 1806 1079 1831 sermone
1108 1798 1147 1832 et
1176 1791 1362 1846 populari
1390 1792 1571 1831 immixto
1602 1791 1851 1845 perderetur,
1895 1791 1947 1832 ab
1979 1794 2174 1848 ejusmodi

254 1872 453 1926 scriptore
482 1874 644 1924 arrepta
675 1866 975 1924 quodammodo
1006 1881 1325 1924 eompreusaque
1347 1874 1386 1909 et
1408 1881 1554 1924 magno
1578 1867 1748 1910 artificio
1773 1875 1953 1920 tractata,
1978 1868 2174 1926 legentem

252 1953 365 1987 tanto
395 1947 500 2000 cepit
529 1946 701 1999 impetu,
738 1950 784 1983 ut
819 1945 862 1983 in
899 1945 1097 1999 scriptore
1134 1944 1203 1985 illa
1242 1946 1302 1984 vis
1331 1945 1462 1984 inesse
1490 1944 1693 1985 videretur
1723 1952 1761 1984 et
1790 1947 1936 1995 virtus,
1979 1961 2100 2001 quam
2129 1962 2174 1986 re

252 2025 412 2080 penitus
440 2028 651 2078 perspecta
679 2022 807 2077 ipsius
835 2020 998 2076 linguae
1026 2036 1112 2063 esse
1139 2020 1306 2063 videbis.
1362 2020 1574 2063 Laudatus
1611 2022 1735 2077 igitur
1774 2029 1833 2063 est
1871 2029 2012 2063 auctor
2048 2038 2172 2079 quum

251 2099 452 2142 laudanda
482 2106 587 2140 esset
614 2098 682 2139 illa
710 2099 1011 2147 Romanorum,
1050 2097 1193 2152 populi
1229 2097 1467 2140 nobilissimi
1497 2099 1646 2148 virtus,
1686 2113 1767 2152 qua
1810 2113 1860 2139 ne
1889 2098 1982 2150 illis,
2013 2099 2173 2155 quidem

253 2192 410 2220 morum
441 2175 689 2233 perditorum
718 2173 968 2230 temporibus
995 2173 1133 2230 lingua
1164 2190 1302 2216 eorum
1333 2173 1522 2218 destituta
1551 2180 1646 2216 crat.

424 2255 545 2295 Hanc
574 2254 659 2294 fere
686 2252 981 2294 Mommsenius
1010 2253 1165 2293 tametsi
1194 2267 1277 2293 non
1306 2252 1456 2293 eisdem
1484 2251 1618 2293 verbis
1648 2266 1779 2292 unove
1808 2252 1923 2302 loeo,
1953 2254 2086 2293 minus
2117 2260 2173 2294 ta-

253 2348 344 2374 men
374 2331 667 2381 adumbratam,
699 2345 821 2386 quam
851 2329 1064 2385 diligenter
1093 2344 1322 2384 expressam
1345 2329 1554 2371 Ciceronis
1576 2330 1787 2385 imaginem
1819 2329 2061 2380 informavit,
2090 2346 2174 2370 non

253 2409 363 2451 illam
386 2407 549 2465 quidem
571 2423 717 2449 novam
746 2413 784 2447 et
812 2405 1045 2457 inauditam,
1076 2422 1201 2462 quum
1225 2406 1488 2447 Drumannus
1518 2409 1579 2457 (ut
1607 2404 1727 2462 hujus
1757 2407 1873 2445 unius
1903 2421 2049 2448 nomen
2079 2422 2174 2462 pro·

253 2486 401 2536 feram)
437 2485 523 2541 jam
562 2490 678 2525 antea
715 2483 766 2523 de
794 2482 991 2524 Cicerone
1027 2484 1159 2523 acrius
1196 2482 1324 2523 multo
1361 2490 1399 2523 et
1427 2483 1601 2522 severius
1632 2496 1751 2536 quam
1781 2483 1945 2522 amicius
1968 2482 2175 2538 judicasse

253 2564 359 2603 inter
386 2573 524 2602 omnes
552 2567 726 2614 constet3
754 2575 885 2616 neque
908 2561 1032 2615 igitur
1055 2573 1120 2598 res
1145 2566 1231 2599 erat
1249 2558 1425 2599 difficilis
1451 2564 1650 2598 oratorem
1671 2573 1760 2598 eum
1784 2558 2013 2599 informare.
2059 2560 2174 2613 Quo-

254 2655 345 2679 rum
382 2639 561 2678 virorum
592 2639 773 2694 quamvis
803 2635 1001 2678 simillima
1029 2636 1109 2675 sint
1131 2634 1284 2691 judicia
1315 2641 1353 2675 et
1381 2634 1467 2675 fere
1495 2635 1630 2689 paria,
1669 2649 1747 2674 una
1788 2641 1919 2675 tamen
1953 2637 1993 2675 in
2025 2651 2069 2677 re
2098 2636 2173 2677 dis-

253 2716 401 2757 serunt.
449 2715 724 2766 Drumannus,
755 2716 825 2771 qui
848 2728 1004 2755 summo
1029 2711 1177 2764 studio,
1207 2718 1316 2753 tanta
1347 2710 1564 2767 diligentia,
1595 2719 1743 2767 quanta
1773 2714 1830 2752 uti
1864 2712 1968 2753 solet
1996 2713 2172 2755 medicus
