<?xml version="1.0" encoding="UTF-8"?>
<!DOCTYPE html PUBLIC "-//W3C//DTD XHTML 1.0 Transitional//EN"
    "http://www.w3.org/TR/xhtml1/DTD/xhtml1-transitional.dtd">
<html xmlns="http://www.w3.org/1999/xhtml" xml:lang="en" lang="en">
 <head>
  <title>
</title>
<meta http-equiv="Content-Type" content="text/html;charset=utf-8" />
  <meta name='ocr-system' content='tesseract 3.04.00' />
  <meta name='ocr-capabilities' content='ocr_page ocr_carea ocr_par ocr_line ocrx_word'/>
</head>
<body>
  <div class='ocr_page' id='page_1' title='image "./4774733_0012.png"; bbox 0 0 2460 3301; ppageno 0'>
   <div class='ocr_carea' id='block_1_1' title="bbox 1192 227 1220 267">
    <p class='ocr_par' dir='ltr' id='par_1_1' title="bbox 1192 227 1220 267">
     <span class='ocr_line' id='line_1_1' title="bbox 1192 227 1220 267; baseline 0 0"><span class='ocrx_word' id='word_1_1' title='bbox 1192 227 1220 267; x_wconf 72' lang='lat'>⁴</span> 
     </span>
    </p>
   </div>
   <div class='ocr_carea' id='block_1_2' title="bbox 231 333 2170 2782">
    <p class='ocr_par' dir='ltr' id='par_1_2' title="bbox 231 333 2170 1855">
     <span class='ocr_line' id='line_1_2' title="bbox 239 333 2169 395; baseline 0.002 -18"><span class='ocrx_word' id='word_1_2' title='bbox 239 341 442 393; x_wconf 62' lang='lat' dir='ltr'><strong>poeqihz</strong></span> <span class='ocrx_word' id='word_1_3' title='bbox 457 333 622 377; x_wconf 55' lang='lat' dir='ltr'><strong>ardor&amp;</strong></span> <span class='ocrx_word' id='word_1_4' title='bbox 638 334 930 393; x_wconf 65' lang='lat' dir='ltr'><strong>quadam-nim</strong></span> <span class='ocrx_word' id='word_1_5' title='bbox 952 337 1104 378; x_wconf 76' lang='lat' dir='ltr'><strong>amoris</strong></span> <span class='ocrx_word' id='word_1_6' title='bbox 1125 337 1209 388; x_wconf 75' lang='lat' dir='ltr'><strong>sive</strong></span> <span class='ocrx_word' id='word_1_7' title='bbox 1233 336 1542 394; x_wconf 56' lang='lat' dir='ltr'><strong>odiimbnptus,</strong></span> <span class='ocrx_word' id='word_1_8' title='bbox 1565 350 1648 379; x_wconf 72' lang='lat' dir='ltr'><strong>non</strong></span> <span class='ocrx_word' id='word_1_9' title='bbox 1669 335 2031 395; x_wconf 58' lang='lat' dir='ltr'><strong>impet-twedam&gt;</strong></span> <span class='ocrx_word' id='word_1_10' title='bbox 2047 338 2169 382; x_wconf 67' lang='lat' dir='ltr'><strong>atini</strong></span> 
     </span>
     <span class='ocr_line' id='line_1_3' title="bbox 239 412 2169 469; baseline 0.002 -16"><span class='ocrx_word' id='word_1_11' title='bbox 239 415 416 469; x_wconf 50' lang='lat' dir='ltr'><strong>afflatus</strong></span> <span class='ocrx_word' id='word_1_12' title='bbox 445 412 569 453; x_wconf 79' lang='lat' dir='ltr'><strong>verba</strong></span> <span class='ocrx_word' id='word_1_13' title='bbox 598 413 797 469; x_wconf 72' lang='lat' dir='ltr'><strong>profudit,-</strong></span> <span class='ocrx_word' id='word_1_14' title='bbox 826 421 873 454; x_wconf 74' lang='lat' dir='ltr'><strong>nt</strong></span> <span class='ocrx_word' id='word_1_15' title='bbox 891 414 1188 455; x_wconf 71' lang='lat' dir='ltr'><strong>Demosthenes</strong></span> <span class='ocrx_word' id='word_1_16' title='bbox 1211 417 1388 455; x_wconf 70' lang='lat' dir='ltr'><strong>unxi-e·</strong></span> <span class='ocrx_word' id='word_1_17' title='bbox 1411 416 1541 455; x_wconf 72' lang='lat' dir='ltr'><strong>iit-eis</strong></span> <span class='ocrx_word' id='word_1_18' title='bbox 1570 414 1823 455; x_wconf 70' lang='lat' dir='ltr'><strong>orationibus</strong></span> <span class='ocrx_word' id='word_1_19' title='bbox 1847 419 1963 469; x_wconf 38' lang='lat' dir='ltr'><strong>,quae</strong></span> <span class='ocrx_word' id='word_1_20' title='bbox 1985 413 2050 454; x_wconf 78' lang='lat' dir='ltr'><strong>ad.-</strong></span> <span class='ocrx_word' id='word_1_21' title='bbox 2067 425 2169 458; x_wconf 56' lang='lat' dir='ltr'><strong>m</strong></span> 
     </span>
     <span class='ocr_line' id='line_1_4' title="bbox 238 488 2170 547; baseline 0.002 -17"><span class='ocrx_word' id='word_1_22' title='bbox 238 489 441 544; x_wconf 69' lang='lat' dir='ltr'><strong>publicam</strong></span> <span class='ocrx_word' id='word_1_23' title='bbox 471 489 738 544; x_wconf 79' lang='lat' dir='ltr'><strong>pertinebant.</strong></span> <span class='ocrx_word' id='word_1_24' title='bbox 797 488 928 545; x_wconf 73' lang='lat' dir='ltr'><strong>Cujus</strong></span> <span class='ocrx_word' id='word_1_25' title='bbox 958 493 1141 546; x_wconf 74' lang='lat' dir='ltr'><strong>quamvis</strong></span> <span class='ocrx_word' id='word_1_26' title='bbox 1168 493 1345 532; x_wconf 60' lang='lat' dir='ltr'><strong>virtutes&gt;</strong></span> <span class='ocrx_word' id='word_1_27' title='bbox 1368 490 1628 547; x_wconf 62' lang='lat' dir='ltr'><strong>&amp;fluissimas</strong></span> <span class='ocrx_word' id='word_1_28' title='bbox 1641 498 1820 546; x_wconf 66' lang='lat' dir='ltr'><strong>putaret,</strong></span> <span class='ocrx_word' id='word_1_29' title='bbox 1842 506 1954 546; x_wconf 74' lang='lat' dir='ltr'><strong>,quas</strong></span> <span class='ocrx_word' id='word_1_30' title='bbox 1965 491 2170 546; x_wconf 57' lang='grc' dir='ltr'>41ιῦἰά-</span> 
     </span>
     <span class='ocr_line' id='line_1_5' title="bbox 238 564 2169 624; baseline 0.001 -17"><span class='ocrx_word' id='word_1_31' title='bbox 238 571 405 617; x_wconf 65' lang='grc' dir='ltr'><strong>ἰιηΐιιτ,</strong></span> <span class='ocrx_word' id='word_1_32' title='bbox 423 571 468 608; x_wconf 71' lang='lat' dir='ltr'><strong>vct</strong></span> <span class='ocrx_word' id='word_1_33' title='bbox 488 580 584 608; x_wconf 66' lang='lat' dir='ltr'><strong>vete</strong></span> <span class='ocrx_word' id='word_1_34' title='bbox 604 564 785 618; x_wconf 74' lang='lat' dir='ltr'><strong>Atticas,</strong></span> <span class='ocrx_word' id='word_1_35' title='bbox 809 572 933 624; x_wconf 76' lang='lat' dir='ltr'><strong>atq-e</strong></span> <span class='ocrx_word' id='word_1_36' title='bbox 954 582 1078 623; x_wconf 84' lang='lat' dir='ltr'><strong>supra</strong></span> <span class='ocrx_word' id='word_1_37' title='bbox 1104 568 1365 609; x_wconf 75' lang='lat' dir='ltr'><strong>imitationem</strong></span> <span class='ocrx_word' id='word_1_38' title='bbox 1386 568 1557 624; x_wconf 57' lang='lat' dir='ltr'><strong>positu,</strong></span> <span class='ocrx_word' id='word_1_39' title='bbox 1582 582 1669 609; x_wconf 70' lang='lat' dir='ltr'><strong>nou</strong></span> <span class='ocrx_word' id='word_1_40' title='bbox 1692 566 1819 609; x_wconf 74' lang='lat' dir='ltr'><strong>modo</strong></span> <span class='ocrx_word' id='word_1_41' title='bbox 1845 582 1936 609; x_wconf 80' lang='lat' dir='ltr'><strong>eum</strong></span> <span class='ocrx_word' id='word_1_42' title='bbox 1965 573 2169 610; x_wconf 60' lang='lat' dir='ltr'><strong>meeum</strong></span> 
     </span>
     <span class='ocr_line' id='line_1_6' title="bbox 239 642 2169 698; baseline 0.002 -16"><span class='ocrx_word' id='word_1_43' title='bbox 239 649 320 693; x_wconf 78' lang='lat' dir='ltr'><strong>est,-</strong></span> <span class='ocrx_word' id='word_1_44' title='bbox 340 642 411 683; x_wconf 83' lang='lat' dir='ltr'><strong>sed</strong></span> <span class='ocrx_word' id='word_1_45' title='bbox 439 657 490 682; x_wconf 89' lang='lat' dir='ltr'><strong>ne</strong></span> <span class='ocrx_word' id='word_1_46' title='bbox 519 643 660 683; x_wconf 75' lang='lat' dir='ltr'><strong>similis</strong></span> <span class='ocrx_word' id='word_1_47' title='bbox 690 642 856 698; x_wconf 62' lang='lat' dir='ltr'><strong>quidem&gt;</strong></span> <span class='ocrx_word' id='word_1_48' title='bbox 883 644 1025 684; x_wconf 75' lang='lat' dir='ltr'><strong>factus.</strong></span> <span class='ocrx_word' id='word_1_49' title='bbox 1074 645 1169 685; x_wconf 83' lang='lat' dir='ltr'><strong>Non</strong></span> <span class='ocrx_word' id='word_1_50' title='bbox 1199 652 1281 684; x_wconf 71' lang='lat' dir='ltr'><strong>tum</strong></span> <span class='ocrx_word' id='word_1_51' title='bbox 1311 651 1451 685; x_wconf 65' lang='lat' dir='ltr'><strong>orator</strong></span> <span class='ocrx_word' id='word_1_52' title='bbox 1479 644 1674 685; x_wconf 84' lang='lat' dir='ltr'><strong>dicendus</strong></span> <span class='ocrx_word' id='word_1_53' title='bbox 1703 650 1765 684; x_wconf 77' lang='lat' dir='ltr'><strong>est</strong></span> <span class='ocrx_word' id='word_1_54' title='bbox 1793 658 1915 698; x_wconf 77' lang='lat' dir='ltr'><strong>quam</strong></span> <span class='ocrx_word' id='word_1_55' title='bbox 1945 644 2169 685; x_wconf 74' lang='lat' dir='ltr'><strong>causidicus</strong></span> 
     </span>
     <span class='ocr_line' id='line_1_7' title="bbox 238 718 2168 777; baseline 0.001 -18"><span class='ocrx_word' id='word_1_56' title='bbox 238 726 278 760; x_wconf 87' lang='lat' dir='ltr'><strong>et</strong></span> <span class='ocrx_word' id='word_1_57' title='bbox 295 718 553 760; x_wconf 59' lang='lat' dir='ltr'><strong>‘declamator</strong></span> <span class='ocrx_word' id='word_1_58' title='bbox 581 735 629 760; x_wconf 85' lang='lat' dir='ltr'><strong>ex</strong></span> <span class='ocrx_word' id='word_1_59' title='bbox 659 735 826 761; x_wconf 85' lang='lat' dir='ltr'><strong>numero</strong></span> <span class='ocrx_word' id='word_1_60' title='bbox 858 735 996 761; x_wconf 83' lang='lat' dir='ltr'><strong>eorum</strong></span> <span class='ocrx_word' id='word_1_61' title='bbox 1026 722 1097 776; x_wconf 82' lang='lat' dir='ltr'><strong>qui</strong></span> <span class='ocrx_word' id='word_1_62' title='bbox 1126 722 1342 777; x_wconf 75' lang='lat' dir='ltr'><strong>vig-uerunt</strong></span> <span class='ocrx_word' id='word_1_63' title='bbox 1370 722 1501 762; x_wconf 86' lang='lat' dir='ltr'><strong>miuus</strong></span> <span class='ocrx_word' id='word_1_64' title='bbox 1523 736 1645 777; x_wconf 83' lang='lat' dir='ltr'><strong>quam</strong></span> <span class='ocrx_word' id='word_1_65' title='bbox 1668 723 1865 762; x_wconf 50' lang='lat' dir='ltr'><strong>vixerunt,</strong></span> <span class='ocrx_word' id='word_1_66' title='bbox 1909 719 1971 761; x_wconf 78' lang='lat' dir='ltr'><strong>At</strong></span> <span class='ocrx_word' id='word_1_67' title='bbox 1993 722 2064 776; x_wconf 75' lang='lat' dir='ltr'><strong>qui</strong></span> <span class='ocrx_word' id='word_1_68' title='bbox 2085 736 2168 761; x_wconf 82' lang='lat' dir='ltr'><strong>non</strong></span> 
     </span>
     <span class='ocr_line' id='line_1_8' title="bbox 238 794 2169 852; baseline 0.001 -17"><span class='ocrx_word' id='word_1_69' title='bbox 238 795 385 846; x_wconf 84' lang='lat' dir='ltr'><strong>flectit,</strong></span> <span class='ocrx_word' id='word_1_70' title='bbox 424 794 536 852; x_wconf 90' lang='lat' dir='ltr'><strong>quod</strong></span> <span class='ocrx_word' id='word_1_71' title='bbox 573 803 633 836; x_wconf 90' lang='lat' dir='ltr'><strong>est</strong></span> <span class='ocrx_word' id='word_1_72' title='bbox 670 798 883 847; x_wconf 80' lang='lat' dir='ltr'><strong>victoriae,</strong></span> <span class='ocrx_word' id='word_1_73' title='bbox 923 798 957 836; x_wconf 87' lang='lat' dir='ltr'><strong>is</strong></span> <span class='ocrx_word' id='word_1_74' title='bbox 994 803 1129 851; x_wconf 86' lang='lat' dir='ltr'><strong>potest</strong></span> <span class='ocrx_word' id='word_1_75' title='bbox 1156 797 1343 852; x_wconf 83' lang='lat' dir='ltr'><strong>probare.</strong></span> <span class='ocrx_word' id='word_1_76' title='bbox 1404 797 1549 838; x_wconf 85' lang='lat' dir='ltr'><strong>Cicero</strong></span> <span class='ocrx_word' id='word_1_77' title='bbox 1578 798 1829 837; x_wconf 76' lang='lat' dir='ltr'><strong>narrationes</strong></span> <span class='ocrx_word' id='word_1_78' title='bbox 1857 811 1990 837; x_wconf 82' lang='lat' dir='ltr'><strong>rerum</strong></span> <span class='ocrx_word' id='word_1_79' title='bbox 2027 798 2082 837; x_wconf 73' lang='lat' dir='ltr'><strong>ita</strong></span> <span class='ocrx_word' id='word_1_80' title='bbox 2111 798 2169 837; x_wconf 81' lang='lat' dir='ltr'><strong>in-</strong></span> 
     </span>
     <span class='ocr_line' id='line_1_9' title="bbox 238 871 2168 931; baseline 0 -17"><span class='ocrx_word' id='word_1_81' title='bbox 238 873 387 925; x_wconf 73' lang='lat' dir='ltr'><strong>stituit,</strong></span> <span class='ocrx_word' id='word_1_82' title='bbox 422 879 468 914; x_wconf 90' lang='lat' dir='ltr'><strong>ut</strong></span> <span class='ocrx_word' id='word_1_83' title='bbox 505 872 760 915; x_wconf 81' lang='lat' dir='ltr'><strong>cavillatione</strong></span> <span class='ocrx_word' id='word_1_84' title='bbox 796 872 971 931; x_wconf 86' lang='lat' dir='ltr'><strong>quadam</strong></span> <span class='ocrx_word' id='word_1_85' title='bbox 1011 880 1051 915; x_wconf 89' lang='lat' dir='ltr'><strong>et</strong></span> <span class='ocrx_word' id='word_1_86' title='bbox 1086 873 1295 917; x_wconf 76' lang='lat' dir='ltr'><strong>dicacitate</strong></span> <span class='ocrx_word' id='word_1_87' title='bbox 1323 889 1407 916; x_wconf 79' lang='lat' dir='ltr'><strong>non</strong></span> <span class='ocrx_word' id='word_1_88' title='bbox 1434 880 1518 916; x_wconf 85' lang='lat' dir='ltr'><strong>tam</strong></span> <span class='ocrx_word' id='word_1_89' title='bbox 1549 871 1750 915; x_wconf 85' lang='lat' dir='ltr'><strong>mentibus</strong></span> <span class='ocrx_word' id='word_1_90' title='bbox 1778 872 2024 917; x_wconf 84' lang='lat' dir='ltr'><strong>audientium</strong></span> <span class='ocrx_word' id='word_1_91' title='bbox 2053 874 2168 915; x_wconf 86' lang='lat' dir='ltr'><strong>satis-</strong></span> 
     </span>
     <span class='ocr_line' id='line_1_10' title="bbox 238 950 2167 1007; baseline 0.001 -17"><span class='ocrx_word' id='word_1_92' title='bbox 238 951 404 1001; x_wconf 68' lang='lat' dir='ltr'><strong>faceret,</strong></span> <span class='ocrx_word' id='word_1_93' title='bbox 434 966 555 1007; x_wconf 83' lang='lat' dir='ltr'><strong>qnam</strong></span> <span class='ocrx_word' id='word_1_94' title='bbox 585 953 713 992; x_wconf 88' lang='lat' dir='ltr'><strong>risum</strong></span> <span class='ocrx_word' id='word_1_95' title='bbox 743 952 917 1007; x_wconf 77' lang='lat' dir='ltr'><strong>aliquem</strong></span> <span class='ocrx_word' id='word_1_96' title='bbox 946 951 1010 992; x_wconf 85' lang='lat' dir='ltr'><strong>vel</strong></span> <span class='ocrx_word' id='word_1_97' title='bbox 1039 951 1279 994; x_wconf 73' lang='lat' dir='ltr'><strong>hilaritatem</strong></span> <span class='ocrx_word' id='word_1_98' title='bbox 1310 959 1500 993; x_wconf 88' lang='lat' dir='ltr'><strong>moveret.</strong></span> <span class='ocrx_word' id='word_1_99' title='bbox 1560 953 1675 992; x_wconf 82' lang='lat' dir='ltr'><strong>Haec</strong></span> <span class='ocrx_word' id='word_1_100' title='bbox 1710 966 1775 992; x_wconf 87' lang='lat' dir='ltr'><strong>res</strong></span> <span class='ocrx_word' id='word_1_101' title='bbox 1813 958 1874 992; x_wconf 84' lang='lat' dir='ltr'><strong>est</strong></span> <span class='ocrx_word' id='word_1_102' title='bbox 1902 950 2167 1007; x_wconf 82' lang='lat' dir='ltr'><strong>quamobrem</strong></span> 
     </span>
     <span class='ocr_line' id='line_1_11' title="bbox 239 1027 2167 1086; baseline 0 -18"><span class='ocrx_word' id='word_1_103' title='bbox 239 1028 442 1068; x_wconf 67' lang='lat' dir='ltr'><strong>orationes</strong></span> <span class='ocrx_word' id='word_1_104' title='bbox 472 1027 559 1083; x_wconf 85' lang='lat' dir='ltr'><strong>ejus</strong></span> <span class='ocrx_word' id='word_1_105' title='bbox 588 1029 747 1068; x_wconf 82' lang='lat' dir='ltr'><strong>tametsi</strong></span> <span class='ocrx_word' id='word_1_106' title='bbox 777 1028 992 1068; x_wconf 76' lang='lat' dir='ltr'><strong>chriarum</strong></span> <span class='ocrx_word' id='word_1_107' title='bbox 1026 1028 1390 1086; x_wconf 76' lang='lat' dir='ltr'><strong>Francogallorum</strong></span> <span class='ocrx_word' id='word_1_108' title='bbox 1427 1035 1553 1070; x_wconf 84' lang='lat' dir='ltr'><strong>artem</strong></span> <span class='ocrx_word' id='word_1_109' title='bbox 1591 1043 1674 1069; x_wconf 80' lang='lat' dir='ltr'><strong>non</strong></span> <span class='ocrx_word' id='word_1_110' title='bbox 1711 1035 1997 1084; x_wconf 80' lang='lat' dir='ltr'><strong>assequantur,</strong></span> <span class='ocrx_word' id='word_1_111' title='bbox 2036 1034 2167 1068; x_wconf 63' lang='lat' dir='ltr'><strong>umen</strong></span> 
     </span>
     <span class='ocr_line' id='line_1_12' title="bbox 237 1103 2166 1161; baseline 0.001 -17"><span class='ocrx_word' id='word_1_112' title='bbox 237 1118 370 1159; x_wconf 80' lang='lat' dir='ltr'><strong>neque</strong></span> <span class='ocrx_word' id='word_1_113' title='bbox 397 1106 549 1145; x_wconf 83' lang='lat' dir='ltr'><strong>nostris</strong></span> <span class='ocrx_word' id='word_1_114' title='bbox 578 1104 829 1160; x_wconf 76' lang='lat' dir='ltr'><strong>t-poribus</strong></span> <span class='ocrx_word' id='word_1_115' title='bbox 851 1103 1094 1160; x_wconf 79' lang='lat' dir='ltr'><strong>injucundae</strong></span> <span class='ocrx_word' id='word_1_116' title='bbox 1113 1105 1327 1147; x_wconf 80' lang='lat' dir='ltr'><strong>videantur</strong></span> <span class='ocrx_word' id='word_1_117' title='bbox 1350 1105 1401 1146; x_wconf 91' lang='lat' dir='ltr'><strong>ad</strong></span> <span class='ocrx_word' id='word_1_118' title='bbox 1425 1104 1655 1161; x_wconf 78' lang='lat' dir='ltr'><strong>legendum,</strong></span> <span class='ocrx_word' id='word_1_119' title='bbox 1676 1120 1808 1161; x_wconf 85' lang='lat' dir='ltr'><strong>neque</strong></span> <span class='ocrx_word' id='word_1_120' title='bbox 1828 1105 1937 1145; x_wconf 82' lang='lat' dir='ltr'><strong>visae</strong></span> <span class='ocrx_word' id='word_1_121' title='bbox 1958 1105 2040 1145; x_wconf 88' lang='lat' dir='ltr'><strong>sint</strong></span> <span class='ocrx_word' id='word_1_122' title='bbox 2058 1105 2166 1160; x_wconf 84' lang='lat' dir='ltr'><strong>prio-</strong></span> 
     </span>
     <span class='ocr_line' id='line_1_13' title="bbox 238 1256 2168 1314; baseline -0.001 -16"><span class='ocrx_word' id='word_1_123' title='bbox 238 1256 490 1308; x_wconf 72' lang='lat' dir='ltr'><strong>scurrilibus,</strong></span> <span class='ocrx_word' id='word_1_124' title='bbox 520 1259 591 1314; x_wconf 87' lang='lat' dir='ltr'><strong>qui</strong></span> <span class='ocrx_word' id='word_1_125' title='bbox 620 1273 703 1298; x_wconf 91' lang='lat' dir='ltr'><strong>non</strong></span> <span class='ocrx_word' id='word_1_126' title='bbox 731 1259 774 1297; x_wconf 89' lang='lat' dir='ltr'><strong>in</strong></span> <span class='ocrx_word' id='word_1_127' title='bbox 796 1257 919 1298; x_wconf 87' lang='lat' dir='ltr'><strong>rebus</strong></span> <span class='ocrx_word' id='word_1_128' title='bbox 942 1258 1128 1299; x_wconf 84' lang='lat' dir='ltr'><strong>verbisve</strong></span> <span class='ocrx_word' id='word_1_129' title='bbox 1157 1260 1293 1314; x_wconf 80' lang='lat' dir='ltr'><strong>positi,</strong></span> <span class='ocrx_word' id='word_1_130' title='bbox 1324 1258 1396 1299; x_wconf 87' lang='lat' dir='ltr'><strong>sed</strong></span> <span class='ocrx_word' id='word_1_131' title='bbox 1426 1257 1478 1298; x_wconf 81' lang='lat' dir='ltr'><strong>ad</strong></span> <span class='ocrx_word' id='word_1_132' title='bbox 1508 1257 1781 1298; x_wconf 81' lang='lat' dir='ltr'><strong>adversarium</strong></span> <span class='ocrx_word' id='word_1_133' title='bbox 1811 1256 2072 1314; x_wconf 76' lang='lat' dir='ltr'><strong>pungendum</strong></span> <span class='ocrx_word' id='word_1_134' title='bbox 2102 1272 2168 1297; x_wconf 81' lang='lat' dir='ltr'><strong>ex-</strong></span> 
     </span>
     <span class='ocr_line' id='line_1_14' title="bbox 238 1334 2168 1390; baseline 0 -16"><span class='ocrx_word' id='word_1_135' title='bbox 238 1335 435 1375; x_wconf 71' lang='lat' dir='ltr'><strong>trinsecus</strong></span> <span class='ocrx_word' id='word_1_136' title='bbox 453 1334 625 1375; x_wconf 75' lang='lat' dir='ltr'><strong>adhibiti</strong></span> <span class='ocrx_word' id='word_1_137' title='bbox 646 1341 771 1376; x_wconf 81' lang='lat' dir='ltr'><strong>erant.</strong></span> <span class='ocrx_word' id='word_1_138' title='bbox 815 1335 865 1375; x_wconf 87' lang='lat' dir='ltr'><strong>In</strong></span> <span class='ocrx_word' id='word_1_139' title='bbox 890 1335 1142 1376; x_wconf 83' lang='lat' dir='ltr'><strong>orationibus</strong></span> <span class='ocrx_word' id='word_1_140' title='bbox 1164 1335 1350 1376; x_wconf 85' lang='lat' dir='ltr'><strong>civilibus</strong></span> <span class='ocrx_word' id='word_1_141' title='bbox 1372 1335 1471 1375; x_wconf 90' lang='lat' dir='ltr'><strong>nibil</strong></span> <span class='ocrx_word' id='word_1_142' title='bbox 1496 1342 1556 1376; x_wconf 87' lang='lat' dir='ltr'><strong>est</strong></span> <span class='ocrx_word' id='word_1_143' title='bbox 1575 1334 1662 1390; x_wconf 85' lang='lat' dir='ltr'><strong>ejus</strong></span> <span class='ocrx_word' id='word_1_144' title='bbox 1682 1335 1978 1375; x_wconf 70' lang='lat' dir='ltr'><strong>communitatis</strong></span> <span class='ocrx_word' id='word_1_145' title='bbox 2007 1339 2047 1373; x_wconf 88' lang='lat' dir='ltr'><strong>et</strong></span> <span class='ocrx_word' id='word_1_146' title='bbox 2073 1348 2168 1374; x_wconf 84' lang='lat' dir='ltr'><strong>con·</strong></span> 
     </span>
     <span class='ocr_line' id='line_1_15' title="bbox 231 1409 2168 1469; baseline -0.001 -17"><span class='ocrx_word' id='word_1_147' title='bbox 231 1410 455 1467; x_wconf 76' lang='lat' dir='ltr'><strong>junctionis</strong></span> <span class='ocrx_word' id='word_1_148' title='bbox 494 1411 643 1463; x_wconf 86' lang='lat' dir='ltr'><strong>civilis,</strong></span> <span class='ocrx_word' id='word_1_149' title='bbox 683 1427 761 1468; x_wconf 88' lang='lat' dir='ltr'><strong>qua</strong></span> <span class='ocrx_word' id='word_1_150' title='bbox 793 1413 864 1468; x_wconf 84' lang='lat' dir='ltr'><strong>qui</strong></span> <span class='ocrx_word' id='word_1_151' title='bbox 894 1420 1004 1454; x_wconf 87' lang='lat' dir='ltr'><strong>caret</strong></span> <span class='ocrx_word' id='word_1_152' title='bbox 1028 1428 1234 1469; x_wconf 83' lang='lat' dir='ltr'><strong>nunquam</strong></span> <span class='ocrx_word' id='word_1_153' title='bbox 1265 1415 1495 1469; x_wconf 85' lang='lat' dir='ltr'><strong>opinionem</strong></span> <span class='ocrx_word' id='word_1_154' title='bbox 1524 1410 1925 1454; x_wconf 84' lang='lat' dir='ltr'><strong>suamaudientibns</strong></span> <span class='ocrx_word' id='word_1_155' title='bbox 1955 1409 2168 1466; x_wconf 62' lang='lat' dir='ltr'><strong>probabit}</strong></span> 
     </span>
     <span class='ocr_line' id='line_1_16' title="bbox 238 1487 2166 1546; baseline -0.002 -16"><span class='ocrx_word' id='word_1_156' title='bbox 238 1490 279 1529; x_wconf 88' lang='lat' dir='ltr'><strong>in</strong></span> <span class='ocrx_word' id='word_1_157' title='bbox 307 1488 540 1530; x_wconf 76' lang='lat' dir='ltr'><strong>forensibus</strong></span> <span class='ocrx_word' id='word_1_158' title='bbox 568 1488 667 1529; x_wconf 86' lang='lat' dir='ltr'><strong>nibil</strong></span> <span class='ocrx_word' id='word_1_159' title='bbox 698 1487 785 1544; x_wconf 79' lang='lat' dir='ltr'><strong>ejus</strong></span> <span class='ocrx_word' id='word_1_160' title='bbox 814 1490 1007 1530; x_wconf 79' lang='lat' dir='ltr'><strong>acuminis</strong></span> <span class='ocrx_word' id='word_1_161' title='bbox 1036 1496 1076 1530; x_wconf 92' lang='lat' dir='ltr'><strong>et</strong></span> <span class='ocrx_word' id='word_1_162' title='bbox 1097 1488 1205 1545; x_wconf 86' lang='lat' dir='ltr'><strong>juris</strong></span> <span class='ocrx_word' id='word_1_163' title='bbox 1230 1490 1432 1541; x_wconf 65' lang='lat' dir='ltr'><strong>scientiae,</strong></span> <span class='ocrx_word' id='word_1_164' title='bbox 1455 1489 1603 1546; x_wconf 80' lang='lat' dir='ltr'><strong>quibus</strong></span> <span class='ocrx_word' id='word_1_165' title='bbox 1628 1488 1756 1530; x_wconf 83' lang='lat' dir='ltr'><strong>rebus·</strong></span> <span class='ocrx_word' id='word_1_166' title='bbox 1776 1494 1815 1530; x_wconf 87' lang='lat' dir='ltr'><strong>et</strong></span> <span class='ocrx_word' id='word_1_167' title='bbox 1832 1487 2166 1544; x_wconf 73' lang='lat' dir='ltr'><strong>jurisconsultum</strong></span> 
     </span>
     <span class='ocr_line' id='line_1_17' title="bbox 237 1564 2165 1623; baseline -0.001 -17"><span class='ocrx_word' id='word_1_168' title='bbox 237 1573 277 1606; x_wconf 86' lang='lat' dir='ltr'><strong>et</strong></span> <span class='ocrx_word' id='word_1_169' title='bbox 304 1573 520 1621; x_wconf 65' lang='lat' dir='ltr'><strong>patronum</strong></span> <span class='ocrx_word' id='word_1_170' title='bbox 549 1566 776 1621; x_wconf 85' lang='lat' dir='ltr'><strong>praeditum</strong></span> <span class='ocrx_word' id='word_1_171' title='bbox 806 1582 894 1606; x_wconf 89' lang='lat' dir='ltr'><strong>esse</strong></span> <span class='ocrx_word' id='word_1_172' title='bbox 923 1573 1106 1620; x_wconf 77' lang='lat' dir='ltr'><strong>oportet,</strong></span> <span class='ocrx_word' id='word_1_173' title='bbox 1137 1569 1192 1607; x_wconf 82' lang='lat' dir='ltr'><strong>ita</strong></span> <span class='ocrx_word' id='word_1_174' title='bbox 1218 1574 1263 1606; x_wconf 86' lang='lat' dir='ltr'><strong>ut</strong></span> <span class='ocrx_word' id='word_1_175' title='bbox 1289 1567 1466 1623; x_wconf 74' lang='lat' dir='ltr'><strong>legentes</strong></span> <span class='ocrx_word' id='word_1_176' title='bbox 1494 1573 1534 1606; x_wconf 89' lang='lat' dir='ltr'><strong>et</strong></span> <span class='ocrx_word' id='word_1_177' title='bbox 1550 1566 1746 1607; x_wconf 74' lang='lat' dir='ltr'><strong>sentiendi</strong></span> <span class='ocrx_word' id='word_1_178' title='bbox 1766 1573 1807 1606; x_wconf 92' lang='lat' dir='ltr'><strong>et</strong></span> <span class='ocrx_word' id='word_1_179' title='bbox 1820 1564 2029 1621; x_wconf 78' lang='lat' dir='ltr'><strong>judicandi</strong></span> <span class='ocrx_word' id='word_1_180' title='bbox 2049 1566 2165 1618; x_wconf 74' lang='lat' dir='ltr'><strong>periti</strong></span> 
     </span>
     <span class='ocr_line' id='line_1_18' title="bbox 237 1642 2167 1699; baseline -0.001 -15"><span class='ocrx_word' id='word_1_181' title='bbox 237 1659 319 1684; x_wconf 82' lang='lat' dir='ltr'><strong>non</strong></span> <span class='ocrx_word' id='word_1_182' title='bbox 348 1644 472 1685; x_wconf 86' lang='lat' dir='ltr'><strong>modo</strong></span> <span class='ocrx_word' id='word_1_183' title='bbox 501 1645 669 1694; x_wconf 81' lang='lat' dir='ltr'><strong>animis,</strong></span> <span class='ocrx_word' id='word_1_184' title='bbox 708 1642 779 1684; x_wconf 91' lang='lat' dir='ltr'><strong>sed</strong></span> <span class='ocrx_word' id='word_1_185' title='bbox 808 1659 860 1684; x_wconf 89' lang='lat' dir='ltr'><strong>ne</strong></span> <span class='ocrx_word' id='word_1_186' title='bbox 888 1642 1054 1685; x_wconf 79' lang='lat' dir='ltr'><strong>auribus</strong></span> <span class='ocrx_word' id='word_1_187' title='bbox 1093 1642 1257 1699; x_wconf 82' lang='lat' dir='ltr'><strong>quidem</strong></span> <span class='ocrx_word' id='word_1_188' title='bbox 1295 1643 1469 1699; x_wconf 88' lang='lat' dir='ltr'><strong>impletis</strong></span> <span class='ocrx_word' id='word_1_189' title='bbox 1507 1659 1640 1684; x_wconf 81' lang='lat' dir='ltr'><strong>rerum</strong></span> <span class='ocrx_word' id='word_1_190' title='bbox 1678 1642 1896 1685; x_wconf 84' lang='lat' dir='ltr'><strong>solitudine</strong></span> <span class='ocrx_word' id='word_1_191' title='bbox 1931 1643 2083 1697; x_wconf 82' lang='lat' dir='ltr'><strong>pariter</strong></span> <span class='ocrx_word' id='word_1_192' title='bbox 2119 1655 2167 1682; x_wconf 84' lang='lat' dir='ltr'><strong>ac</strong></span> 
     </span>
     <span class='ocr_line' id='line_1_19' title="bbox 236 1716 2164 1776; baseline -0.003 -13"><span class='ocrx_word' id='word_1_193' title='bbox 236 1720 412 1763; x_wconf 84' lang='lat' dir='ltr'><strong>bominis</strong></span> <span class='ocrx_word' id='word_1_194' title='bbox 440 1720 603 1762; x_wconf 83' lang='lat' dir='ltr'><strong>levitate</strong></span> <span class='ocrx_word' id='word_1_195' title='bbox 632 1718 898 1761; x_wconf 77' lang='lat' dir='ltr'><strong>offendantur.</strong></span> <span class='ocrx_word' id='word_1_196' title='bbox 956 1720 1063 1761; x_wconf 80' lang='lat' dir='ltr'><strong>Nam</strong></span> <span class='ocrx_word' id='word_1_197' title='bbox 1097 1718 1150 1760; x_wconf 89' lang='lat' dir='ltr'><strong>de</strong></span> <span class='ocrx_word' id='word_1_198' title='bbox 1179 1718 1462 1771; x_wconf 73' lang='lat' dir='ltr'><strong>delectatione,</strong></span> <span class='ocrx_word' id='word_1_199' title='bbox 1501 1734 1606 1776; x_wconf 86' lang='lat' dir='ltr'><strong>quae</strong></span> <span class='ocrx_word' id='word_1_200' title='bbox 1644 1725 1703 1761; x_wconf 85' lang='lat' dir='ltr'><strong>est</strong></span> <span class='ocrx_word' id='word_1_201' title='bbox 1739 1719 1963 1769; x_wconf 80' lang='lat' dir='ltr'><strong>suavitatis,</strong></span> <span class='ocrx_word' id='word_1_202' title='bbox 1993 1716 2164 1773; x_wconf 83' lang='lat' dir='ltr'><strong>amplius</strong></span> 
     </span>
     <span class='ocr_line' id='line_1_20' title="bbox 237 1800 791 1855; baseline -0.007 -16"><span class='ocrx_word' id='word_1_203' title='bbox 237 1800 444 1855; x_wconf 57' lang='lat' dir='ltr'><strong>disputare</strong></span> <span class='ocrx_word' id='word_1_204' title='bbox 472 1812 579 1853; x_wconf 85' lang='lat' dir='ltr'><strong>opus</strong></span> <span class='ocrx_word' id='word_1_205' title='bbox 608 1811 690 1836; x_wconf 92' lang='lat' dir='ltr'><strong>non</strong></span> <span class='ocrx_word' id='word_1_206' title='bbox 719 1803 791 1837; x_wconf 86' lang='lat' dir='ltr'><strong>cst.</strong></span> 
     </span>
    </p>

    <p class='ocr_par' dir='ltr' id='par_1_3' title="bbox 233 1869 2166 2782">
     <span class='ocr_line' id='line_1_21' title="bbox 407 1869 2164 1930; baseline -0.003 -13"><span class='ocrx_word' id='word_1_207' title='bbox 407 1875 469 1917; x_wconf 81' lang='lat' dir='ltr'><strong>At</strong></span> <span class='ocrx_word' id='word_1_208' title='bbox 507 1874 560 1916; x_wconf 87' lang='lat' dir='ltr'><strong>ab</strong></span> <span class='ocrx_word' id='word_1_209' title='bbox 597 1874 883 1930; x_wconf 76' lang='lat' dir='ltr'><strong>antiquissimis</strong></span> <span class='ocrx_word' id='word_1_210' title='bbox 921 1871 1016 1913; x_wconf 89' lang='lat' dir='ltr'><strong>inde</strong></span> <span class='ocrx_word' id='word_1_211' title='bbox 1054 1872 1306 1928; x_wconf 87' lang='lat' dir='ltr'><strong>temporibus</strong></span> <span class='ocrx_word' id='word_1_212' title='bbox 1345 1887 1468 1928; x_wconf 84' lang='lat' dir='ltr'><strong>opera</strong></span> <span class='ocrx_word' id='word_1_213' title='bbox 1498 1872 1708 1914; x_wconf 82' lang='lat' dir='ltr'><strong>Ciceronis</strong></span> <span class='ocrx_word' id='word_1_214' title='bbox 1737 1871 1966 1925; x_wconf 76' lang='lat' dir='ltr'><strong>conscripta</strong></span> <span class='ocrx_word' id='word_1_215' title='bbox 1994 1869 2164 1912; x_wconf 89' lang='lat' dir='ltr'><strong>multum</strong></span> 
     </span>
     <span class='ocr_line' id='line_1_22' title="bbox 235 1946 2165 2005; baseline -0.005 -9"><span class='ocrx_word' id='word_1_216' title='bbox 235 1954 337 1996; x_wconf 74' lang='lat' dir='ltr'><strong>lecta</strong></span> <span class='ocrx_word' id='word_1_217' title='bbox 366 1960 462 1994; x_wconf 82' lang='lat' dir='ltr'><strong>sunt</strong></span> <span class='ocrx_word' id='word_1_218' title='bbox 491 1958 531 1992; x_wconf 94' lang='lat' dir='ltr'><strong>et</strong></span> <span class='ocrx_word' id='word_1_219' title='bbox 560 1949 768 1992; x_wconf 80' lang='lat' dir='ltr'><strong>emendata</strong></span> <span class='ocrx_word' id='word_1_220' title='bbox 798 1949 1087 2005; x_wconf 81' lang='lat' dir='ltr'><strong>explicataque.</strong></span> <span class='ocrx_word' id='word_1_221' title='bbox 1131 1949 1196 1991; x_wconf 82' lang='lat' dir='ltr'><strong>Ne</strong></span> <span class='ocrx_word' id='word_1_222' title='bbox 1216 1949 1368 2004; x_wconf 81' lang='lat' dir='ltr'><strong>scripta</strong></span> <span class='ocrx_word' id='word_1_223' title='bbox 1387 1948 1550 2004; x_wconf 86' lang='lat' dir='ltr'><strong>quidem</strong></span> <span class='ocrx_word' id='word_1_224' title='bbox 1570 1947 1612 1989; x_wconf 83' lang='lat' dir='ltr'><strong>id</strong></span> <span class='ocrx_word' id='word_1_225' title='bbox 1641 1947 1806 1998; x_wconf 79' lang='lat' dir='ltr'><strong>babent,</strong></span> <span class='ocrx_word' id='word_1_226' title='bbox 1835 1962 1918 2003; x_wconf 88' lang='lat' dir='ltr'><strong>quo</strong></span> <span class='ocrx_word' id='word_1_227' title='bbox 1948 1946 2165 2003; x_wconf 77' lang='lat' dir='ltr'><strong>legentium</strong></span> 
     </span>
     <span class='ocr_line' id='line_1_23' title="bbox 236 2024 2165 2081; baseline -0.003 -9"><span class='ocrx_word' id='word_1_228' title='bbox 236 2033 357 2072; x_wconf 75' lang='lat' dir='ltr'><strong>animi</strong></span> <span class='ocrx_word' id='word_1_229' title='bbox 386 2037 456 2071; x_wconf 87' lang='lat' dir='ltr'><strong>aut</strong></span> <span class='ocrx_word' id='word_1_230' title='bbox 485 2029 659 2079; x_wconf 76' lang='lat' dir='ltr'><strong>alantur,</strong></span> <span class='ocrx_word' id='word_1_231' title='bbox 689 2034 757 2068; x_wconf 85' lang='lat' dir='ltr'><strong>aut</strong></span> <span class='ocrx_word' id='word_1_232' title='bbox 786 2026 1031 2068; x_wconf 84' lang='lat' dir='ltr'><strong>excolantur.</strong></span> <span class='ocrx_word' id='word_1_233' title='bbox 1077 2027 1224 2068; x_wconf 87' lang='lat' dir='ltr'><strong>Sermo</strong></span> <span class='ocrx_word' id='word_1_234' title='bbox 1242 2027 1454 2067; x_wconf 84' lang='lat' dir='ltr'><strong>Romanus</strong></span> <span class='ocrx_word' id='word_1_235' title='bbox 1483 2025 1733 2081; x_wconf 86' lang='lat' dir='ltr'><strong>temporibus</strong></span> <span class='ocrx_word' id='word_1_236' title='bbox 1759 2025 2036 2066; x_wconf 80' lang='lat' dir='ltr'><strong>Ciceronianis</strong></span> <span class='ocrx_word' id='word_1_237' title='bbox 2065 2024 2165 2067; x_wconf 63' lang='lat' dir='ltr'><strong>mul÷</strong></span> 
     </span>
     <span class='ocr_line' id='line_1_24' title="bbox 235 2100 2164 2159; baseline -0.004 -9"><span class='ocrx_word' id='word_1_238' title='bbox 235 2115 320 2150; x_wconf 79' lang='lat' dir='ltr'><strong>tum</strong></span> <span class='ocrx_word' id='word_1_239' title='bbox 349 2113 526 2148; x_wconf 87' lang='lat' dir='ltr'><strong>mutatus</strong></span> <span class='ocrx_word' id='word_1_240' title='bbox 556 2112 627 2147; x_wconf 87' lang='lat' dir='ltr'><strong>est.</strong></span> <span class='ocrx_word' id='word_1_241' title='bbox 678 2105 815 2157; x_wconf 72' lang='lat' dir='ltr'><strong>Quum</strong></span> <span class='ocrx_word' id='word_1_242' title='bbox 845 2111 939 2159; x_wconf 86' lang='lat' dir='ltr'><strong>post</strong></span> <span class='ocrx_word' id='word_1_243' title='bbox 968 2106 1137 2144; x_wconf 77' lang='lat' dir='ltr'><strong>aetatem</strong></span> <span class='ocrx_word' id='word_1_244' title='bbox 1166 2101 1420 2158; x_wconf 84' lang='lat' dir='ltr'><strong>Scipionum,</strong></span> <span class='ocrx_word' id='word_1_245' title='bbox 1451 2118 1557 2159; x_wconf 86' lang='lat' dir='ltr'><strong>quae</strong></span> <span class='ocrx_word' id='word_1_246' title='bbox 1585 2102 1752 2143; x_wconf 76' lang='lat' dir='ltr'><strong>classica</strong></span> <span class='ocrx_word' id='word_1_247' title='bbox 1780 2101 1860 2141; x_wconf 83' lang='lat' dir='ltr'><strong>fuit</strong></span> <span class='ocrx_word' id='word_1_248' title='bbox 1886 2100 2164 2143; x_wconf 79' lang='lat' dir='ltr'><strong>Romanarum</strong></span> 
     </span>
     <span class='ocr_line' id='line_1_25' title="bbox 234 2179 2165 2238; baseline -0.004 -12"><span class='ocrx_word' id='word_1_249' title='bbox 234 2185 440 2227; x_wconf 83' lang='lat' dir='ltr'><strong>literarum</strong></span> <span class='ocrx_word' id='word_1_250' title='bbox 474 2191 604 2234; x_wconf 82' lang='lat' dir='ltr'><strong>aetas,</strong></span> <span class='ocrx_word' id='word_1_251' title='bbox 635 2182 753 2238; x_wconf 84' lang='lat' dir='ltr'><strong>plura</strong></span> <span class='ocrx_word' id='word_1_252' title='bbox 782 2180 905 2223; x_wconf 82' lang='lat' dir='ltr'><strong>verba</strong></span> <span class='ocrx_word' id='word_1_253' title='bbox 936 2187 975 2221; x_wconf 82' lang='lat' dir='ltr'><strong>et</strong></span> <span class='ocrx_word' id='word_1_254' title='bbox 1003 2180 1162 2222; x_wconf 84' lang='lat' dir='ltr'><strong>Graeca</strong></span> <span class='ocrx_word' id='word_1_255' title='bbox 1193 2186 1232 2221; x_wconf 91' lang='lat' dir='ltr'><strong>et</strong></span> <span class='ocrx_word' id='word_1_256' title='bbox 1259 2181 1408 2221; x_wconf 74' lang='lat' dir='ltr'><strong>rustim</strong></span> <span class='ocrx_word' id='word_1_257' title='bbox 1438 2181 1479 2220; x_wconf 89' lang='lat' dir='ltr'><strong>in</strong></span> <span class='ocrx_word' id='word_1_258' title='bbox 1508 2194 1732 2221; x_wconf 87' lang='lat' dir='ltr'><strong>sermonem</strong></span> <span class='ocrx_word' id='word_1_259' title='bbox 1762 2179 1954 2220; x_wconf 80' lang='lat' dir='ltr'><strong>Latinum</strong></span> <span class='ocrx_word' id='word_1_260' title='bbox 1983 2179 2165 2234; x_wconf 79' lang='lat' dir='ltr'><strong>irrepsis—</strong></span> 
     </span>
     <span class='ocr_line' id='line_1_26' title="bbox 234 2256 2166 2316; baseline -0.004 -12"><span class='ocrx_word' id='word_1_261' title='bbox 234 2269 337 2314; x_wconf 68' lang='lat' dir='ltr'><strong>sent,</strong></span> <span class='ocrx_word' id='word_1_262' title='bbox 367 2263 444 2302; x_wconf 79' lang='lat' dir='ltr'><strong>viri</strong></span> <span class='ocrx_word' id='word_1_263' title='bbox 474 2260 599 2311; x_wconf 86' lang='lat' dir='ltr'><strong>docti,</strong></span> <span class='ocrx_word' id='word_1_264' title='bbox 629 2260 700 2316; x_wconf 90' lang='lat' dir='ltr'><strong>qui</strong></span> <span class='ocrx_word' id='word_1_265' title='bbox 730 2259 771 2299; x_wconf 92' lang='lat' dir='ltr'><strong>in</strong></span> <span class='ocrx_word' id='word_1_266' title='bbox 801 2265 978 2300; x_wconf 85' lang='lat' dir='ltr'><strong>extremo</strong></span> <span class='ocrx_word' id='word_1_267' title='bbox 1007 2259 1180 2314; x_wconf 88' lang='lat' dir='ltr'><strong>septimo</strong></span> <span class='ocrx_word' id='word_1_268' title='bbox 1210 2256 1324 2298; x_wconf 89' lang='lat' dir='ltr'><strong>urbis</strong></span> <span class='ocrx_word' id='word_1_269' title='bbox 1353 2256 1515 2298; x_wconf 87' lang='lat' dir='ltr'><strong>saeculo</strong></span> <span class='ocrx_word' id='word_1_270' title='bbox 1544 2256 1745 2307; x_wconf 79' lang='lat' dir='ltr'><strong>vivebant,</strong></span> <span class='ocrx_word' id='word_1_271' title='bbox 1775 2270 1852 2311; x_wconf 91' lang='lat' dir='ltr'><strong>pro</strong></span> <span class='ocrx_word' id='word_1_272' title='bbox 1881 2256 1969 2296; x_wconf 84' lang='lat' dir='ltr'><strong>suis</strong></span> <span class='ocrx_word' id='word_1_273' title='bbox 1992 2256 2166 2312; x_wconf 87' lang='lat' dir='ltr'><strong>quisque</strong></span> 
     </span>
     <span class='ocr_line' id='line_1_27' title="bbox 236 2332 2164 2391; baseline -0.004 -11"><span class='ocrx_word' id='word_1_274' title='bbox 236 2339 400 2390; x_wconf 83' lang='lat' dir='ltr'><strong>viribus,</strong></span> <span class='ocrx_word' id='word_1_275' title='bbox 428 2344 476 2379; x_wconf 82' lang='lat' dir='ltr'><strong>ut</strong></span> <span class='ocrx_word' id='word_1_276' title='bbox 497 2337 632 2379; x_wconf 85' lang='lat' dir='ltr'><strong>verbis</strong></span> <span class='ocrx_word' id='word_1_277' title='bbox 652 2336 735 2377; x_wconf 80' lang='lat' dir='ltr'><strong>illis</strong></span> <span class='ocrx_word' id='word_1_278' title='bbox 761 2335 901 2376; x_wconf 83' lang='lat' dir='ltr'><strong>deletis</strong></span> <span class='ocrx_word' id='word_1_279' title='bbox 923 2351 1070 2391; x_wconf 89' lang='lat' dir='ltr'><strong>purum</strong></span> <span class='ocrx_word' id='word_1_280' title='bbox 1087 2337 1341 2376; x_wconf 85' lang='lat' dir='ltr'><strong>restituerent</strong></span> <span class='ocrx_word' id='word_1_281' title='bbox 1357 2349 1597 2384; x_wconf 87' lang='lat' dir='ltr'><strong>sermonem,</strong></span> <span class='ocrx_word' id='word_1_282' title='bbox 1622 2347 1787 2389; x_wconf 81' lang='lat' dir='ltr'><strong>operam</strong></span> <span class='ocrx_word' id='word_1_283' title='bbox 1807 2332 2024 2386; x_wconf 80' lang='lat' dir='ltr'><strong>dederunt3</strong></span> <span class='ocrx_word' id='word_1_284' title='bbox 2052 2332 2164 2389; x_wconf 87' lang='lat' dir='ltr'><strong>quod</strong></span> 
     </span>
     <span class='ocr_line' id='line_1_28' title="bbox 235 2409 2164 2468; baseline -0.004 -10"><span class='ocrx_word' id='word_1_285' title='bbox 235 2419 407 2458; x_wconf 81' lang='lat' dir='ltr'><strong>maxime</strong></span> <span class='ocrx_word' id='word_1_286' title='bbox 445 2417 623 2456; x_wconf 90' lang='lat' dir='ltr'><strong>omnium</strong></span> <span class='ocrx_word' id='word_1_287' title='bbox 663 2420 872 2454; x_wconf 84' lang='lat' dir='ltr'><strong>assecutus</strong></span> <span class='ocrx_word' id='word_1_288' title='bbox 903 2420 962 2453; x_wconf 85' lang='lat' dir='ltr'><strong>cst</strong></span> <span class='ocrx_word' id='word_1_289' title='bbox 990 2412 1158 2462; x_wconf 87' lang='lat' dir='ltr'><strong>Cicero,</strong></span> <span class='ocrx_word' id='word_1_290' title='bbox 1197 2429 1316 2468; x_wconf 88' lang='lat' dir='ltr'><strong>quem</strong></span> <span class='ocrx_word' id='word_1_291' title='bbox 1346 2413 1580 2452; x_wconf 79' lang='lat' dir='ltr'><strong>recentioris</strong></span> <span class='ocrx_word' id='word_1_292' title='bbox 1608 2409 1811 2452; x_wconf 87' lang='lat' dir='ltr'><strong>scribendi</strong></span> <span class='ocrx_word' id='word_1_293' title='bbox 1840 2411 1999 2466; x_wconf 76' lang='lat' dir='ltr'><strong>generis</strong></span> <span class='ocrx_word' id='word_1_294' title='bbox 2029 2416 2164 2452; x_wconf 85' lang='lat' dir='ltr'><strong>aucto·</strong></span> 
     </span>
     <span class='ocr_line' id='line_1_29' title="bbox 233 2486 2165 2545; baseline -0.005 -10"><span class='ocrx_word' id='word_1_295' title='bbox 233 2508 318 2535; x_wconf 85' lang='lat' dir='ltr'><strong>rem</strong></span> <span class='ocrx_word' id='word_1_296' title='bbox 355 2492 488 2534; x_wconf 89' lang='lat' dir='ltr'><strong>dicere</strong></span> <span class='ocrx_word' id='word_1_297' title='bbox 523 2491 626 2532; x_wconf 84' lang='lat' dir='ltr'><strong>licet.</strong></span> <span class='ocrx_word' id='word_1_298' title='bbox 697 2489 781 2531; x_wconf 86' lang='lat' dir='ltr'><strong>Sed</strong></span> <span class='ocrx_word' id='word_1_299' title='bbox 820 2504 952 2530; x_wconf 86' lang='lat' dir='ltr'><strong>sermo</strong></span> <span class='ocrx_word' id='word_1_300' title='bbox 983 2489 1191 2531; x_wconf 85' lang='lat' dir='ltr'><strong>Ciceronis</strong></span> <span class='ocrx_word' id='word_1_301' title='bbox 1221 2504 1244 2529; x_wconf 85' lang='lat' dir='ltr'><strong>a</strong></span> <span class='ocrx_word' id='word_1_302' title='bbox 1274 2490 1411 2545; x_wconf 86' lang='lat' dir='ltr'><strong>priore</strong></span> <span class='ocrx_word' id='word_1_303' title='bbox 1448 2489 1691 2544; x_wconf 81' lang='lat' dir='ltr'><strong>scriptorum</strong></span> <span class='ocrx_word' id='word_1_304' title='bbox 1725 2486 1988 2527; x_wconf 37' lang='lat' dir='ltr'><strong>&#39;classicorum</strong></span> <span class='ocrx_word' id='word_1_305' title='bbox 2018 2501 2165 2542; x_wconf 78' lang='lat' dir='ltr'><strong>genere</strong></span> 
     </span>
     <span class='ocr_line' id='line_1_30' title="bbox 233 2562 2163 2625; baseline -0.004 -14"><span class='ocrx_word' id='word_1_306' title='bbox 233 2577 388 2612; x_wconf 83' lang='lat' dir='ltr'><strong>tantum</strong></span> <span class='ocrx_word' id='word_1_307' title='bbox 419 2570 561 2618; x_wconf 84' lang='lat' dir='ltr'><strong>distat,</strong></span> <span class='ocrx_word' id='word_1_308' title='bbox 600 2574 795 2625; x_wconf 87' lang='lat' dir='ltr'><strong>quantum</strong></span> <span class='ocrx_word' id='word_1_309' title='bbox 833 2566 956 2607; x_wconf 90' lang='lat' dir='ltr'><strong>homo</strong></span> <span class='ocrx_word' id='word_1_310' title='bbox 994 2566 1226 2622; x_wconf 89' lang='lat' dir='ltr'><strong>improbus,</strong></span> <span class='ocrx_word' id='word_1_311' title='bbox 1266 2568 1335 2621; x_wconf 89' lang='lat' dir='ltr'><strong>qui</strong></span> <span class='ocrx_word' id='word_1_312' title='bbox 1377 2567 1533 2621; x_wconf 78' lang='lat' dir='ltr'><strong>mag-nis</strong></span> <span class='ocrx_word' id='word_1_313' title='bbox 1569 2562 1821 2605; x_wconf 77' lang='lat' dir='ltr'><strong>facinoribus</strong></span> <span class='ocrx_word' id='word_1_314' title='bbox 1858 2564 2082 2604; x_wconf 87' lang='lat' dir='ltr'><strong>commissis</strong></span> <span class='ocrx_word' id='word_1_315' title='bbox 2111 2562 2163 2604; x_wconf 80' lang='lat' dir='ltr'><strong>ab</strong></span> 
     </span>
     <span class='ocr_line' id='line_1_31' title="bbox 235 2639 2164 2699; baseline -0.005 -10"><span class='ocrx_word' id='word_1_316' title='bbox 235 2663 372 2689; x_wconf 88' lang='lat' dir='ltr'><strong>errore</strong></span> <span class='ocrx_word' id='word_1_317' title='bbox 409 2646 460 2687; x_wconf 85' lang='lat' dir='ltr'><strong>ad</strong></span> <span class='ocrx_word' id='word_1_318' title='bbox 500 2647 706 2688; x_wconf 87' lang='lat' dir='ltr'><strong>veritatem</strong></span> <span class='ocrx_word' id='word_1_319' title='bbox 745 2644 884 2694; x_wconf 89' lang='lat' dir='ltr'><strong>rediit,</strong></span> <span class='ocrx_word' id='word_1_320' title='bbox 925 2643 978 2684; x_wconf 80' lang='lat' dir='ltr'><strong>ab</strong></span> <span class='ocrx_word' id='word_1_321' title='bbox 1014 2643 1080 2684; x_wconf 83' lang='lat' dir='ltr'><strong>illa</strong></span> <span class='ocrx_word' id='word_1_322' title='bbox 1120 2645 1345 2684; x_wconf 77' lang='lat' dir='ltr'><strong>innocentia</strong></span> <span class='ocrx_word' id='word_1_323' title='bbox 1384 2658 1464 2699; x_wconf 83' lang='lat' dir='ltr'><strong>qua</strong></span> <span class='ocrx_word' id='word_1_324' title='bbox 1503 2643 1649 2683; x_wconf 86' lang='lat' dir='ltr'><strong>florent</strong></span> <span class='ocrx_word' id='word_1_325' title='bbox 1686 2640 1873 2682; x_wconf 80' lang='lat' dir='ltr'><strong>infantes.</strong></span> <span class='ocrx_word' id='word_1_326' title='bbox 1942 2639 2086 2681; x_wconf 85' lang='lat' dir='ltr'><strong>Cicero</strong></span> <span class='ocrx_word' id='word_1_327' title='bbox 2122 2642 2164 2681; x_wconf 90' lang='lat' dir='ltr'><strong>in</strong></span> 
     </span>
     <span class='ocr_line' id='line_1_32' title="bbox 233 2717 2164 2782; baseline -0.005 -15"><span class='ocrx_word' id='word_1_328' title='bbox 233 2726 375 2782; x_wconf 89' lang='lat' dir='ltr'><strong>primis</strong></span> <span class='ocrx_word' id='word_1_329' title='bbox 413 2725 544 2766; x_wconf 82' lang='lat' dir='ltr'><strong>effecit</strong></span> <span class='ocrx_word' id='word_1_330' title='bbox 584 2731 628 2764; x_wconf 92' lang='lat' dir='ltr'><strong>ut</strong></span> <span class='ocrx_word' id='word_1_331' title='bbox 669 2738 736 2764; x_wconf 85' lang='lat' dir='ltr'><strong>ars</strong></span> <span class='ocrx_word' id='word_1_332' title='bbox 772 2720 976 2763; x_wconf 90' lang='lat' dir='ltr'><strong>scribendi</strong></span> <span class='ocrx_word' id='word_1_333' title='bbox 1005 2720 1160 2777; x_wconf 84' lang='lat' dir='ltr'><strong>dilapsa</strong></span> <span class='ocrx_word' id='word_1_334' title='bbox 1191 2719 1407 2773; x_wconf 78' lang='lat' dir='ltr'><strong>dessueret3</strong></span> <span class='ocrx_word' id='word_1_335' title='bbox 1444 2721 1648 2761; x_wconf 74' lang='lat' dir='ltr'><strong>orationes</strong></span> <span class='ocrx_word' id='word_1_336' title='bbox 1686 2719 1789 2758; x_wconf 91' lang='lat' dir='ltr'><strong>enim</strong></span> <span class='ocrx_word' id='word_1_337' title='bbox 1827 2717 2030 2768; x_wconf 78' lang='lat' dir='ltr'><strong>forenses,</strong></span> <span class='ocrx_word' id='word_1_338' title='bbox 2060 2731 2164 2773; x_wconf 89' lang='lat' dir='ltr'><strong>quae</strong></span> 
     </span>
    </p>
   </div>
   <div class='ocr_carea' id='block_1_3' title="bbox 226 2793 2162 2860">
    <p class='ocr_par' dir='ltr' id='par_1_4' title="bbox 226 2793 2162 2860">
     <span class='ocr_line' id='line_1_33' title="bbox 226 2793 2162 2860; baseline -0.004 -16"><span class='ocrx_word' id='word_1_339' title='bbox 226 2802 435 2860; x_wconf 79' lang='lat' dir='ltr'><strong>judicibus</strong></span> <span class='ocrx_word' id='word_1_340' title='bbox 474 2808 512 2842; x_wconf 88' lang='lat' dir='ltr'><strong>ct</strong></span> <span class='ocrx_word' id='word_1_341' title='bbox 550 2801 734 2857; x_wconf 82' lang='lat' dir='ltr'><strong>partibus</strong></span> <span class='ocrx_word' id='word_1_342' title='bbox 771 2800 1020 2854; x_wconf 85' lang='lat' dir='ltr'><strong>compositae</strong></span> <span class='ocrx_word' id='word_1_343' title='bbox 1059 2798 1169 2854; x_wconf 91' lang='lat' dir='ltr'><strong>quod</strong></span> <span class='ocrx_word' id='word_1_344' title='bbox 1208 2797 1359 2853; x_wconf 86' lang='lat' dir='ltr'><strong>publici</strong></span> <span class='ocrx_word' id='word_1_345' title='bbox 1393 2798 1498 2853; x_wconf 84' lang='lat' dir='ltr'><strong>juris</strong></span> <span class='ocrx_word' id='word_1_346' title='bbox 1536 2798 1678 2838; x_wconf 85' lang='lat' dir='ltr'><strong>fierent</strong></span> <span class='ocrx_word' id='word_1_347' title='bbox 1717 2810 1799 2835; x_wconf 90' lang='lat' dir='ltr'><strong>non</strong></span> <span class='ocrx_word' id='word_1_348' title='bbox 1838 2793 2053 2846; x_wconf 85' lang='lat' dir='ltr'><strong>haberent,</strong></span> <span class='ocrx_word' id='word_1_349' title='bbox 2095 2809 2162 2836; x_wconf 82' lang='lat' dir='ltr'><strong>eas</strong></span> 
     </span>
    </p>
   </div>
  </div>
 </body>
</html>
