2460 3301
1183 217 1241 258 20

241 329 474 380 „mitur-‘⁴
529 328 615 369 Fac
642 327 783 383 plnres
812 327 940 368 fiiisse
968 328 1284 386 ejusgmoeis,
1304 329 1355 370 id.
1384 329 1483 372 ficit
1510 328 1641 386 quod
1661 336 1724 370 cst
1744 329 1948 379 ceraton-is,
1981 328 2177 385 ntus-od

241 404 340 458 boni
368 403 519 446 babeat
547 419 689 455 causa,
719 403 763 446 id
778 403 1069 461 amplectetur,
1101 409 1289 458 exornet,
1314 405 1638 465 'awa-etfw)
1666 405 1783 462 quod
1804 407 1845 448 si
1865 421 1956 449 anon
1985 404 2092 448 lieet.
2106 421 2175 448 ans

243 481 403 524 diue-di
432 482 542 522 nulla
573 489 644 525 est.
672 505 731 512 --
759 482 845 534 Qui
880 481 933 522 de
960 485 1087 524 totius
1115 483 1337 525 nobilitatis
1365 481 1821 539 honorent-dignitato
1843 483 2015 525 institnit
2044 481 2182 525 deu-m»

241 558 360 609 lia-e,
390 560 425 600 is
453 560 509 599 ita
540 558 675 600 dicere
703 574 786 600 non
814 565 960 614 potest.
1017 559 1235 617 Ejusmodi
1264 561 1369 601 enim
1398 559 1674 616 temporibus,
1697 575 1832 616 quum
1858 560 2092 603 tactionum<
2106 574 2176 601 or-

242 635 434 677 dinumve
462 641 503 676 et
531 637 765 691 suspicione
793 643 833 677 et
862 635 1010 677 invidia
1042 639 1193 678 coortis
1222 652 1297 678 nee
1325 637 1640 679 discordia-non
1666 643 1777 678 mota
1806 652 1881 692 per
1901 651 2043 679 omnes
2062 636 2177 678 locos

241 711 478 769 quotidiano
509 713 655 754 civium
684 728 870 756 sermone
899 728 964 755 res
993 712 1182 768 publicae
1209 716 1430 771 agitantur,
1461 729 1511 756 ex
1539 713 1711 771 singulis
1732 714 1970 770 conjectura
1992 714 2101 755 facta
2124 712 2178 755 de

243 788 458 840 omnibus,
497 804 604 846 quae
640 805 745 831 unus
775 791 972 832 commisit
1002 789 1135 832 ordini
1164 793 1262 833 vitio
1293 791 1452 833 dantur.
1510 791 1575 832 lta
1613 790 1695 832 illis
1733 790 1876 833 diebus
1913 805 1996 831 non
2025 789 2176 846 singul-i

244 866 409 921 quidam
438 866 612 917 nobiles,
642 869 729 907 sive
756 869 874 922 pauci
904 869 989 907 sive
1018 867 1157 922 plures
1186 876 1354 923 propter
1378 867 1533 924 judicia
1561 868 1734 923 turpiter
1761 868 1869 908 facta
1889 882 1913 907 a
1934 866 2090 923 populo
2110 880 2178 907 a&

243 941 503 995 canaba-ntur,
532 944 604 986 sed
635 944 739 986 ordo
768 943 965 986 nobilium
995 951 1041 985 ut
1069 946 1139 1001 qni
1169 961 1323 987 summa
1355 945 1798 988 commisisset-scelera
1828 952 1867 986 et
1887 945 2042 1001 flag-itia
2067 943 2176 985 vide·

243 1019 368 1061 batur
403 1020 706 1077 opprimendus.
766 1020 912 1063 Cicero
952 1020 1075 1062 credo
1113 1022 1147 1063 is
1187 1022 1266 1064 fnit
1302 1022 1372 1080 qui
1408 1028 1577 1064 naturae
1612 1020 1810 1064 humanae
1846 1022 2015 1073 inscius,
2052 1035 2178 1078 quum

244 1100 457 1140 senatoriis
482 1098 649 1155 judiciis
679 1098 853 1140 laudatis
883 1105 922 1140 et
949 1098 1018 1140 illa
1048 1102 1286 1142 auctoritate
1316 1115 1422 1158 quae
1448 1101 1491 1141 in
1523 1100 1666 1142 ordine
1693 1099 1860 1142 debu-et
1883 1113 2089 1141 remanere
2108 1097 2180 1141 de·

245 1176 360 1218 sensa
396 1176 650 1233 singulorum
690 1176 947 1233 quorundam
987 1176 1185 1218 nobilium
1225 1179 1391 1234 injurias
1429 1186 1760 1234 persequeretur,
1799 1178 1981 1218 favorem
2020 1175 2098 1217 sibi
2139 1182 2177 1217 et

244 1255 416 1311 gratiam
445 1252 588 1310 populi
616 1260 779 1310 putaret
808 1268 1056 1309 comparare.
1486 1301 1489 1306 .

414 1331 581 1372 «Indicia
612 1333 717 1371 enim
746 1333 948 1373 senatoria
976 1337 1132 1371 tantum
1161 1330 1278 1371 abest
1306 1338 1349 1372 ut
1378 1333 1419 1372 in
1448 1330 1571 1372 alium
1600 1330 1785 1372 ordinem
1809 1332 1947 1387 cupiat
1965 1329 2178 1381 omlnes,

245 1415 290 1449 ut
318 1410 557 1449 acerrimum
587 1424 727 1449 eorum
757 1423 802 1449 se
830 1408 1024 1464 praebeat
1052 1408 1319 1449 defensorem.
1375 1409 1461 1449 Fae
1489 1416 1535 1449 ut
1562 1424 1697 1450 rerum
1738 1408 1992 1464 publicarum
2030 1414 2178 1449 stamm

246 1487 317 1543 qui
340 1493 425 1527 tum
452 1486 612 1528 Romae
641 1493 740 1537 erat,
770 1488 905 1527 animo
934 1485 1009 1527 tibi
1038 1487 1260 1542 confingas.
1320 1486 1536 1527 Discordia
1566 1488 1726 1537 civium,
1756 1502 1864 1542 quae
1889 1486 2050 1543 legibus
2075 1484 2177 1527 Cor·

246 1563 361 1605 neliis
391 1562 583 1619 depressa
612 1563 839 1615 videretur,
884 1569 980 1619 post
1007 1570 1180 1605 mortem
1209 1562 1418 1604 dictatoris
1457 1563 1589 1605 denuo
1620 1570 1783 1615 coorta,
1822 1565 1936 1605 annis
1965 1565 2019 1604 71
2052 1569 2091 1605 et
2120 1563 2178 1603 7⁰

246 1642 367 1683 animi
398 1640 605 1682 bominum
629 1643 802 1683 maxime
822 1640 1081 1698 agitabantur
1097 1640 1277 1697 judiciis,
1308 1656 1412 1698 quae
1434 1656 1558 1698 quum
1581 1640 1690 1682 nulla
1713 1642 1799 1684 fere
1822 1657 1911 1683 esse
1933 1641 2177 1692 viderentur,

247 1732 369 1775 qnam
399 1733 482 1760 non
513 1718 680 1759 ferenda
710 1725 862 1769 essunt,
900 1734 1025 1774 quum
1056 1725 1120 1759 sat
1148 1717 1284 1759 multis
1315 1721 1445 1760 causis
1475 1725 1707 1775 perceptum
1737 1717 1941 1760 videretur
1970 1726 2009 1760 et
2039 1718 2177 1774 explo-

245 1802 393 1845 ratum,
422 1802 510 1835 tum
541 1795 780 1851 quotidiano
811 1797 988 1836 omnium
1019 1810 1219 1835 sermone.
1235 1795 1495 1836 tractabaeitnr.
1549 1794 1675 1848 Quod
1704 1797 1760 1835 ita
1791 1810 1890 1846 esse,
1920 1811 2044 1851 quum
2075 1795 2179 1851 ejus·

245 1872 358 1914 modi
388 1871 683 1914 discordiarum
713 1871 887 1914 civilium
916 1871 1169 1929 temporibus
1199 1879 1333 1914 certae
1360 1873 1441 1915 sint
1469 1887 1534 1915 res
1563 1886 1668 1929 quae
1696 1878 1882 1930 agantur,
1914 1871 1999 1914 noli
2028 1873 2177 1914 mirari.

245 1951 332 2003 Qui
371 1949 626 2005 populariter
654 1949 813 2005 agendo
843 1951 1015 2005 gratiam
1044 1949 1122 1990 sibi
1152 1949 1378 1989 conabatur
1407 1949 1621 1991 conciliare
1647 1949 1812 2005 populi,
1840 1951 1877 1989 is
1907 1949 2090 1990 ordinem
2119 1964 2179 1990 sc·

243 2029 449 2070 notorium
479 2034 717 2084 persecutus
746 2026 796 2069 de
819 2026 983 2085 judiciis
1013 2026 1260 2084 loquebatur
1288 2026 1582 2069 commutandis
1612 2029 1697 2069 sive
1724 2030 1766 2068 in
1794 2028 1890 2069 foro
1913 2030 1998 2069 sive
2018 2030 2060 2069 in
2085 2043 2178 2069 con·

246 2105 426 2150 tionibus
465 2120 546 2148 non
584 2106 719 2147 minus
754 2120 874 2163 quam
906 2105 957 2147 de
985 2104 1230 2147 restituenda
1261 2104 1518 2147 tribunorum
1546 2107 1585 2147 vi
1615 2121 1664 2148 ac
1693 2112 1904 2162 potestate.
1961 2105 2024 2147 lta
2054 2106 2179 2148 Pom·

247 2186 364 2242 pejus
402 2187 443 2224 in
482 2186 672 2224 contione
709 2183 886 2233 dixerat,
921 2183 1074 2238 judicia
1113 2190 1232 2237 turpe
1268 2197 1315 2222 ac
1353 2183 1557 2239 flagitiose
1593 2184 1704 2233 fieri,
1741 2185 1776 2224 ei
1806 2185 1864 2223 rei
1894 2198 1938 2224 se
1966 2183 2181 2238 providere

247 2262 439 2316 velle-4¹)
499 2260 612 2314 Quid
644 2259 820 2303 Cicero?
877 2262 973 2303 Hoc
1002 2277 1136 2303 rerum
1166 2260 1420 2316 publicarum
1450 2268 1555 2303 statu
1593 2261 1749 2312 firmat,
1787 2261 1887 2302 nihil
1924 2264 2054 2317 magis
2093 2277 2181 2302 esse
2226 2257 2234 2262 ’

250 2338 494 2398 optandum,
534 2354 657 2395 quam
687 2344 882 2391 utncausa
913 2337 1088 2394 quadam
1118 2337 1306 2394 religiose
1336 2352 1383 2379 ae
1411 2352 1504 2379 vere
1528 2336 1729 2394 judicata,
1761 2353 1886 2394 quum
1916 2339 2100 2380 restituta
2130 2339 2182 2379 sit

249 2418 488 2461 existimatio
520 2416 674 2457 ordinis
704 2416 919 2466 senatorii,
958 2416 1177 2456 auctoritas
1216 2430 1321 2472 quae
1360 2414 1505 2457 debeat
1535 2430 1620 2460 esse
1649 2417 1690 2457 in
1719 2415 1790 2458 illo
1821 2415 1984 2467 ordine,
2023 2421 2181 2456 maneat

316 2603 372 2645 ⁴⁰)
399 2599 480 2637 Cic.
507 2598 541 2635 d.
568 2605 661 2635 orat.
686 2597 740 2644 ΙΙ,
765 2597 847 2635 292.

316 2672 372 2716 ⁴¹)
399 2668 523 2707 Orant.
547 2667 664 2707 Vei-r.
683 2667 774 2704 Act.
798 2665 832 2715 1,
853 2666 911 2706 46.
951 2664 1013 2704 Cs-
1034 2669 1221 2714 Mommsen,
1240 2667 1328 2705 Rom.
1350 2667 1463 2705 Gesch.
1483 2668 1530 2714 111,
1550 2668 1601 2706 85.
1640 2668 1695 2706 Die
1716 2669 1924 2716 Erneuerung
1944 2668 2000 2706 der
2019 2668 2180 2706 Getreide-

396 2740 553 2787 Sponden,
573 2740 623 2777 die
638 2737 968 2784 wiederherstellung
988 2738 1044 2775 der
1063 2737 1311 2775 tribunicisohen
1327 2736 1451 2774 Gewalt
1473 2740 1504 2774 in
1526 2737 1625 2775 ihrem
1644 2737 1731 2774 alten
1746 2737 1891 2784 Umfang‚
1913 2737 1964 2774 die
1977 2737 2183 2784 Beseitigung

399 2810 455 2846 der
480 2808 726 2846 senatorischen
754 2807 897 2843 Gerichte
923 2807 1034 2843 horton
1061 2809 1111 2842 nie
1138 2806 1198 2843 aus
1220 2806 1271 2844 die
1299 2805 1523 2852 Gegenstinde
1549 2806 1720 2852 popularet
1743 2806 1901 2852 Agitation
1928 2815 1969 2843 zu
1995 2806 2110 2844 bilden.
