<?xml version="1.0" encoding="UTF-8"?>
<!DOCTYPE html PUBLIC "-//W3C//DTD XHTML 1.0 Transitional//EN"
    "http://www.w3.org/TR/xhtml1/DTD/xhtml1-transitional.dtd">
<html xmlns="http://www.w3.org/1999/xhtml" xml:lang="en" lang="en">
 <head>
  <title>
</title>
<meta http-equiv="Content-Type" content="text/html;charset=utf-8" />
  <meta name='ocr-system' content='tesseract 3.04.00' />
  <meta name='ocr-capabilities' content='ocr_page ocr_carea ocr_par ocr_line ocrx_word'/>
</head>
<body>
  <div class='ocr_page' id='page_1' title='image "./4774733_0009.png"; bbox 0 0 2460 3301; ppageno 0'>
   <div class='ocr_carea' id='block_1_1' title="bbox 142 903 2069 2760">
    <p class='ocr_par' dir='ltr' id='par_1_1' title="bbox 145 903 2069 2450">
     <span class='ocr_line' id='line_1_1' title="bbox 320 903 2067 983; baseline 0.001 -15"><span class='ocrx_word' id='word_1_1' title='bbox 320 903 431 983; x_wconf 67' lang='lat' dir='ltr'><strong>Qui</strong></span> <span class='ocrx_word' id='word_1_2' title='bbox 460 926 656 982; x_wconf 79' lang='lat' dir='ltr'><strong>puerilem</strong></span> <span class='ocrx_word' id='word_1_3' title='bbox 685 929 971 981; x_wconf 77' lang='lat' dir='ltr'><strong>institutionem</strong></span> <span class='ocrx_word' id='word_1_4' title='bbox 1001 927 1175 983; x_wconf 76' lang='lat' dir='ltr'><strong>professi</strong></span> <span class='ocrx_word' id='word_1_5' title='bbox 1204 942 1365 969; x_wconf 86' lang='lat' dir='ltr'><strong>causam</strong></span> <span class='ocrx_word' id='word_1_6' title='bbox 1395 941 1613 982; x_wconf 84' lang='lat' dir='ltr'><strong>puerorum</strong></span> <span class='ocrx_word' id='word_1_7' title='bbox 1643 926 1954 968; x_wconf 85' lang='lat' dir='ltr'><strong>erudiendorum</strong></span> <span class='ocrx_word' id='word_1_8' title='bbox 1982 942 2067 969; x_wconf 88' lang='lat' dir='ltr'><strong>sus·</strong></span> 
     </span>
     <span class='ocr_line' id='line_1_2' title="bbox 151 1002 2069 1061; baseline 0.001 -17"><span class='ocrx_word' id='word_1_9' title='bbox 151 1010 363 1060; x_wconf 79' lang='lat' dir='ltr'><strong>ceperunt,</strong></span> <span class='ocrx_word' id='word_1_10' title='bbox 402 1018 541 1045; x_wconf 88' lang='lat' dir='ltr'><strong>eorum</strong></span> <span class='ocrx_word' id='word_1_11' title='bbox 581 1019 663 1045; x_wconf 89' lang='lat' dir='ltr'><strong>non</strong></span> <span class='ocrx_word' id='word_1_12' title='bbox 703 1010 763 1045; x_wconf 86' lang='lat' dir='ltr'><strong>est</strong></span> <span class='ocrx_word' id='word_1_13' title='bbox 799 1010 869 1045; x_wconf 79' lang='lat' dir='ltr'><strong>aut</strong></span> <span class='ocrx_word' id='word_1_14' title='bbox 898 1006 1156 1061; x_wconf 84' lang='lat' dir='ltr'><strong>antiquorum</strong></span> <span class='ocrx_word' id='word_1_15' title='bbox 1185 1009 1394 1045; x_wconf 71' lang='lat' dir='ltr'><strong>auctor-m</strong></span> <span class='ocrx_word' id='word_1_16' title='bbox 1423 1004 1573 1059; x_wconf 81' lang='lat' dir='ltr'><strong>scripta</strong></span> <span class='ocrx_word' id='word_1_17' title='bbox 1602 1002 1814 1046; x_wconf 73' lang='lat' dir='ltr'><strong>emendare</strong></span> <span class='ocrx_word' id='word_1_18' title='bbox 1842 1018 2069 1061; x_wconf 71' lang='lat' dir='ltr'><strong>expurgare</strong></span> 
     </span>
     <span class='ocr_line' id='line_1_3' title="bbox 149 1079 2066 1137; baseline 0.001 -15"><span class='ocrx_word' id='word_1_19' title='bbox 149 1082 424 1136; x_wconf 80' lang='lat' dir='ltr'><strong>interpretari,</strong></span> <span class='ocrx_word' id='word_1_20' title='bbox 454 1088 525 1122; x_wconf 86' lang='lat' dir='ltr'><strong>aut</strong></span> <span class='ocrx_word' id='word_1_21' title='bbox 543 1081 733 1137; x_wconf 79' lang='lat' dir='ltr'><strong>singulas</strong></span> <span class='ocrx_word' id='word_1_22' title='bbox 762 1082 940 1122; x_wconf 77' lang='lat' dir='ltr'><strong>virorum</strong></span> <span class='ocrx_word' id='word_1_23' title='bbox 969 1080 1183 1122; x_wconf 81' lang='lat' dir='ltr'><strong>doctorum</strong></span> <span class='ocrx_word' id='word_1_24' title='bbox 1210 1082 1442 1136; x_wconf 88' lang='lat' dir='ltr'><strong>opiniones,</strong></span> <span class='ocrx_word' id='word_1_25' title='bbox 1482 1095 1584 1136; x_wconf 87' lang='lat' dir='ltr'><strong>quas</strong></span> <span class='ocrx_word' id='word_1_26' title='bbox 1621 1079 1671 1120; x_wconf 89' lang='lat' dir='ltr'><strong>de</strong></span> <span class='ocrx_word' id='word_1_27' title='bbox 1706 1079 1786 1120; x_wconf 87' lang='lat' dir='ltr'><strong>illis</strong></span> <span class='ocrx_word' id='word_1_28' title='bbox 1816 1079 2066 1137; x_wconf 80' lang='lat' dir='ltr'><strong>temporibus</strong></span> 
     </span>
     <span class='ocr_line' id='line_1_4' title="bbox 149 1156 2067 1214; baseline 0 -16"><span class='ocrx_word' id='word_1_29' title='bbox 149 1158 403 1213; x_wconf 64' lang='lat' dir='ltr'><strong>prot-iamt</strong></span> <span class='ocrx_word' id='word_1_30' title='bbox 430 1158 731 1199; x_wconf 66' lang='lat' dir='ltr'><strong>diva-sissimus</strong></span> <span class='ocrx_word' id='word_1_31' title='bbox 758 1158 936 1199; x_wconf 75' lang='lat' dir='ltr'><strong>refutare</strong></span> <span class='ocrx_word' id='word_1_32' title='bbox 963 1158 1179 1213; x_wconf 76' lang='lat' dir='ltr'>corrigere,</span> <span class='ocrx_word' id='word_1_33' title='bbox 1215 1172 1347 1213; x_wconf 87' lang='lat' dir='ltr'><strong>neque</strong></span> <span class='ocrx_word' id='word_1_34' title='bbox 1378 1158 1511 1214; x_wconf 79' lang='lat' dir='ltr'><strong>posita</strong></span> <span class='ocrx_word' id='word_1_35' title='bbox 1550 1163 1609 1198; x_wconf 73' lang='lat' dir='ltr'><strong>oet</strong></span> <span class='ocrx_word' id='word_1_36' title='bbox 1638 1156 1727 1198; x_wconf 87' lang='lat' dir='ltr'><strong>laus</strong></span> <span class='ocrx_word' id='word_1_37' title='bbox 1756 1164 1795 1198; x_wconf 85' lang='lat' dir='ltr'><strong>et</strong></span> <span class='ocrx_word' id='word_1_38' title='bbox 1823 1157 1955 1213; x_wconf 78' lang='lat' dir='ltr'><strong>gloria</strong></span> <span class='ocrx_word' id='word_1_39' title='bbox 1985 1173 2067 1198; x_wconf 82' lang='lat' dir='ltr'><strong>ma-</strong></span> 
     </span>
     <span class='ocr_line' id='line_1_5' title="bbox 149 1233 2067 1292; baseline -0.001 -17"><span class='ocrx_word' id='word_1_40' title='bbox 149 1236 274 1292; x_wconf 64' lang='lat' dir='ltr'><strong>gistri</strong></span> <span class='ocrx_word' id='word_1_41' title='bbox 294 1236 335 1275; x_wconf 86' lang='lat' dir='ltr'><strong>in</strong></span> <span class='ocrx_word' id='word_1_42' title='bbox 364 1234 561 1275; x_wconf 76' lang='lat' dir='ltr'><strong>librorum</strong></span> <span class='ocrx_word' id='word_1_43' title='bbox 591 1234 789 1276; x_wconf 72' lang='lat' dir='ltr'><strong>edito-um</strong></span> <span class='ocrx_word' id='word_1_44' title='bbox 817 1238 888 1274; x_wconf 72' lang='lat' dir='ltr'><strong>aut</strong></span> <span class='ocrx_word' id='word_1_45' title='bbox 915 1239 1083 1274; x_wconf 83' lang='lat' dir='ltr'><strong>numero</strong></span> <span class='ocrx_word' id='word_1_46' title='bbox 1112 1240 1181 1274; x_wconf 89' lang='lat' dir='ltr'><strong>aut</strong></span> <span class='ocrx_word' id='word_1_47' title='bbox 1207 1233 1479 1289; x_wconf 85' lang='lat' dir='ltr'><strong>amplitudine.</strong></span> <span class='ocrx_word' id='word_1_48' title='bbox 1525 1233 1654 1274; x_wconf 81' lang='lat' dir='ltr'><strong>Aliud</strong></span> <span class='ocrx_word' id='word_1_49' title='bbox 1676 1236 1912 1290; x_wconf 71' lang='lat' dir='ltr'><strong>magistrum</strong></span> <span class='ocrx_word' id='word_1_50' title='bbox 1940 1233 2067 1283; x_wconf 59' lang='lat' dir='ltr'><strong>dmi,</strong></span> 
     </span>
     <span class='ocr_line' id='line_1_6' title="bbox 148 1310 2067 1368; baseline -0.001 -15"><span class='ocrx_word' id='word_1_51' title='bbox 148 1311 259 1353; x_wconf 67' lang='lat' dir='ltr'><strong>aliud</strong></span> <span class='ocrx_word' id='word_1_52' title='bbox 285 1325 380 1353; x_wconf 74' lang='lat' dir='ltr'><strong>‘eum</strong></span> <span class='ocrx_word' id='word_1_53' title='bbox 402 1313 477 1368; x_wconf 88' lang='lat' dir='ltr'><strong>qui</strong></span> <span class='ocrx_word' id='word_1_54' title='bbox 505 1312 634 1367; x_wconf 82' lang='lat' dir='ltr'><strong>ipsam</strong></span> <span class='ocrx_word' id='word_1_55' title='bbox 664 1318 789 1352; x_wconf 86' lang='lat' dir='ltr'><strong>artem</strong></span> <span class='ocrx_word' id='word_1_56' title='bbox 818 1311 1043 1367; x_wconf 80' lang='lat' dir='ltr'><strong>profitetur.</strong></span> <span class='ocrx_word' id='word_1_57' title='bbox 1099 1311 1181 1352; x_wconf 79' lang='lat' dir='ltr'><strong>llic</strong></span> <span class='ocrx_word' id='word_1_58' title='bbox 1218 1310 1330 1367; x_wconf 88' lang='lat' dir='ltr'><strong>quod</strong></span> <span class='ocrx_word' id='word_1_59' title='bbox 1366 1312 1516 1351; x_wconf 84' lang='lat' dir='ltr'><strong>invenit</strong></span> <span class='ocrx_word' id='word_1_60' title='bbox 1552 1317 1591 1351; x_wconf 80' lang='lat' dir='ltr'><strong>et</strong></span> <span class='ocrx_word' id='word_1_61' title='bbox 1628 1326 1704 1366; x_wconf 89' lang='lat' dir='ltr'><strong>pro</strong></span> <span class='ocrx_word' id='word_1_62' title='bbox 1742 1326 1838 1352; x_wconf 81' lang='lat' dir='ltr'><strong>vero</strong></span> <span class='ocrx_word' id='word_1_63' title='bbox 1874 1310 2067 1360; x_wconf 75' lang='lat' dir='ltr'><strong>vendidit,</strong></span> 
     </span>
     <span class='ocr_line' id='line_1_7' title="bbox 148 1387 2067 1450; baseline -0.001 -20"><span class='ocrx_word' id='word_1_64' title='bbox 148 1390 218 1430; x_wconf 88' lang='lat' dir='ltr'><strong>ille</strong></span> <span class='ocrx_word' id='word_1_65' title='bbox 244 1391 315 1445; x_wconf 91' lang='lat' dir='ltr'><strong>qui</strong></span> <span class='ocrx_word' id='word_1_66' title='bbox 345 1388 546 1450; x_wconf 77' lang='lat' dir='ltr'><strong>quidquid</strong></span> <span class='ocrx_word' id='word_1_67' title='bbox 567 1391 603 1429; x_wconf 84' lang='lat' dir='ltr'><strong>ei</strong></span> <span class='ocrx_word' id='word_1_68' title='bbox 626 1396 686 1429; x_wconf 84' lang='lat' dir='ltr'><strong>est</strong></span> <span class='ocrx_word' id='word_1_69' title='bbox 709 1391 851 1429; x_wconf 84' lang='lat' dir='ltr'><strong>virium</strong></span> <span class='ocrx_word' id='word_1_70' title='bbox 876 1395 915 1430; x_wconf 88' lang='lat' dir='ltr'><strong>et</strong></span> <span class='ocrx_word' id='word_1_71' title='bbox 937 1388 1143 1430; x_wconf 83' lang='lat' dir='ltr'><strong>doetrinae</strong></span> <span class='ocrx_word' id='word_1_72' title='bbox 1162 1390 1203 1429; x_wconf 92' lang='lat' dir='ltr'><strong>in</strong></span> <span class='ocrx_word' id='word_1_73' title='bbox 1226 1403 1374 1443; x_wconf 86' lang='lat' dir='ltr'><strong>pueros</strong></span> <span class='ocrx_word' id='word_1_74' title='bbox 1392 1387 1635 1429; x_wconf 88' lang='lat' dir='ltr'><strong>erudiendos</strong></span> <span class='ocrx_word' id='word_1_75' title='bbox 1660 1388 1829 1438; x_wconf 80' lang='lat' dir='ltr'><strong>confert,</strong></span> <span class='ocrx_word' id='word_1_76' title='bbox 1858 1387 2067 1442; x_wconf 73' lang='lat' dir='ltr'>discipulis</span> 
     </span>
     <span class='ocr_line' id='line_1_8' title="bbox 147 1463 2065 1521; baseline 0 -14"><span class='ocrx_word' id='word_1_77' title='bbox 147 1467 202 1507; x_wconf 83' lang='lat' dir='ltr'><strong>ita</strong></span> <span class='ocrx_word' id='word_1_78' title='bbox 224 1472 270 1507; x_wconf 86' lang='lat' dir='ltr'><strong>ut</strong></span> <span class='ocrx_word' id='word_1_79' title='bbox 292 1481 368 1521; x_wconf 81' lang='lat' dir='ltr'><strong>par</strong></span> <span class='ocrx_word' id='word_1_80' title='bbox 387 1472 450 1507; x_wconf 84' lang='lat' dir='ltr'><strong>est</strong></span> <span class='ocrx_word' id='word_1_81' title='bbox 467 1464 602 1507; x_wconf 83' lang='lat' dir='ltr'><strong>studet</strong></span> <span class='ocrx_word' id='word_1_82' title='bbox 629 1464 801 1517; x_wconf 76' lang='lat' dir='ltr'><strong>tradere,</strong></span> <span class='ocrx_word' id='word_1_83' title='bbox 825 1471 864 1507; x_wconf 90' lang='lat' dir='ltr'><strong>et</strong></span> <span class='ocrx_word' id='word_1_84' title='bbox 885 1471 931 1506; x_wconf 92' lang='lat' dir='ltr'><strong>ut</strong></span> <span class='ocrx_word' id='word_1_85' title='bbox 951 1463 1099 1507; x_wconf 87' lang='lat' dir='ltr'><strong>Cicero</strong></span> <span class='ocrx_word' id='word_1_86' title='bbox 1126 1464 1221 1506; x_wconf 89' lang='lat' dir='ltr'><strong>dicit</strong></span> <span class='ocrx_word' id='word_1_87' title='bbox 1245 1464 1324 1506; x_wconf 78' lang='lat' dir='ltr'><strong>sihi</strong></span> <span class='ocrx_word' id='word_1_88' title='bbox 1346 1464 1626 1506; x_wconf 72' lang='lat' dir='ltr'><strong>illustrandam</strong></span> <span class='ocrx_word' id='word_1_89' title='bbox 1655 1479 1742 1506; x_wconf 87' lang='lat' dir='ltr'><strong>esse</strong></span> <span class='ocrx_word' id='word_1_90' title='bbox 1767 1464 2065 1521; x_wconf 66' lang='lat' dir='ltr'>philosophiam</span> 
     </span>
     <span class='ocr_line' id='line_1_9' title="bbox 148 1541 2065 1599; baseline -0.001 -14"><span class='ocrx_word' id='word_1_91' title='bbox 148 1542 403 1585; x_wconf 70' lang='lat' dir='ltr'><strong>Graoeomm</strong></span> <span class='ocrx_word' id='word_1_92' title='bbox 428 1550 475 1584; x_wconf 92' lang='lat' dir='ltr'><strong>ut</strong></span> <span class='ocrx_word' id='word_1_93' title='bbox 504 1544 622 1585; x_wconf 86' lang='lat' dir='ltr'><strong>etiam</strong></span> <span class='ocrx_word' id='word_1_94' title='bbox 653 1545 807 1584; x_wconf 84' lang='lat' dir='ltr'><strong>otiosus</strong></span> <span class='ocrx_word' id='word_1_95' title='bbox 835 1544 921 1584; x_wconf 86' lang='lat' dir='ltr'><strong>suis</strong></span> <span class='ocrx_word' id='word_1_96' title='bbox 940 1544 1102 1598; x_wconf 85' lang='lat' dir='ltr'><strong>prosit,</strong></span> <span class='ocrx_word' id='word_1_97' title='bbox 1135 1544 1190 1584; x_wconf 79' lang='lat' dir='ltr'><strong>ita</strong></span> <span class='ocrx_word' id='word_1_98' title='bbox 1218 1541 1336 1584; x_wconf 75' lang='lat' dir='ltr'><strong>nobis</strong></span> <span class='ocrx_word' id='word_1_99' title='bbox 1366 1543 1437 1598; x_wconf 88' lang='lat' dir='ltr'><strong>qui</strong></span> <span class='ocrx_word' id='word_1_100' title='bbox 1466 1543 1646 1599; x_wconf 76' lang='lat' dir='ltr'><strong>magistri</strong></span> <span class='ocrx_word' id='word_1_101' title='bbox 1676 1543 1801 1585; x_wconf 87' lang='lat' dir='ltr'><strong>simus</strong></span> <span class='ocrx_word' id='word_1_102' title='bbox 1829 1541 2065 1584; x_wconf 77' lang='lat' dir='ltr'><strong>illustranda</strong></span> 
     </span>
     <span class='ocr_line' id='line_1_10' title="bbox 149 1619 2065 1677; baseline 0 -16"><span class='ocrx_word' id='word_1_103' title='bbox 149 1627 209 1661; x_wconf 88' lang='lat' dir='ltr'><strong>est</strong></span> <span class='ocrx_word' id='word_1_104' title='bbox 234 1620 304 1661; x_wconf 88' lang='lat' dir='ltr'><strong>illa</strong></span> <span class='ocrx_word' id='word_1_105' title='bbox 334 1621 582 1676; x_wconf 71' lang='lat' dir='ltr'><strong>antiquitatis</strong></span> <span class='ocrx_word' id='word_1_106' title='bbox 611 1621 787 1671; x_wconf 85' lang='lat' dir='ltr'><strong>seientia,</strong></span> <span class='ocrx_word' id='word_1_107' title='bbox 817 1635 898 1677; x_wconf 83' lang='lat' dir='ltr'><strong>qua</strong></span> <span class='ocrx_word' id='word_1_108' title='bbox 927 1621 999 1676; x_wconf 89' lang='lat' dir='ltr'><strong>qui</strong></span> <span class='ocrx_word' id='word_1_109' title='bbox 1027 1619 1204 1661; x_wconf 87' lang='lat' dir='ltr'><strong>imbutus</strong></span> <span class='ocrx_word' id='word_1_110' title='bbox 1233 1634 1316 1661; x_wconf 87' lang='lat' dir='ltr'><strong>non</strong></span> <span class='ocrx_word' id='word_1_111' title='bbox 1338 1626 1400 1660; x_wconf 88' lang='lat' dir='ltr'><strong>est</strong></span> <span class='ocrx_word' id='word_1_112' title='bbox 1421 1626 1552 1675; x_wconf 79' lang='lat' dir='ltr'><strong>neque</strong></span> <span class='ocrx_word' id='word_1_113' title='bbox 1573 1620 1671 1660; x_wconf 85' lang='lat' dir='ltr'><strong>satis</strong></span> <span class='ocrx_word' id='word_1_114' title='bbox 1692 1619 1871 1662; x_wconf 80' lang='lat' dir='ltr'><strong>eruditus</strong></span> <span class='ocrx_word' id='word_1_115' title='bbox 1896 1619 2065 1670; x_wconf 83' lang='lat' dir='ltr'><strong>videtur,</strong></span> 
     </span>
     <span class='ocr_line' id='line_1_11' title="bbox 147 1696 2067 1753; baseline 0 -16"><span class='ocrx_word' id='word_1_116' title='bbox 147 1712 280 1753; x_wconf 80' lang='lat' dir='ltr'><strong>neque</strong></span> <span class='ocrx_word' id='word_1_117' title='bbox 307 1703 427 1752; x_wconf 84' lang='lat' dir='ltr'><strong>aptus</strong></span> <span class='ocrx_word' id='word_1_118' title='bbox 456 1699 527 1752; x_wconf 76' lang='lat' dir='ltr'><strong>qui</strong></span> <span class='ocrx_word' id='word_1_119' title='bbox 555 1698 750 1738; x_wconf 79' lang='lat' dir='ltr'><strong>rationem</strong></span> <span class='ocrx_word' id='word_1_120' title='bbox 776 1699 838 1738; x_wconf 85' lang='lat' dir='ltr'><strong>sui</strong></span> <span class='ocrx_word' id='word_1_121' title='bbox 867 1698 1062 1752; x_wconf 63' lang='lat' dir='ltr'><strong>temporis</strong></span> <span class='ocrx_word' id='word_1_122' title='bbox 1090 1703 1204 1753; x_wconf 76' lang='lat' dir='ltr'><strong>regat</strong></span> <span class='ocrx_word' id='word_1_123' title='bbox 1232 1698 1381 1752; x_wconf 84' lang='lat' dir='ltr'><strong>potius,</strong></span> <span class='ocrx_word' id='word_1_124' title='bbox 1412 1711 1533 1751; x_wconf 87' lang='lat' dir='ltr'><strong>quam</strong></span> <span class='ocrx_word' id='word_1_125' title='bbox 1562 1696 1614 1737; x_wconf 84' lang='lat' dir='ltr'><strong>ab</strong></span> <span class='ocrx_word' id='word_1_126' title='bbox 1645 1712 1690 1737; x_wconf 86' lang='lat' dir='ltr'><strong>ea</strong></span> <span class='ocrx_word' id='word_1_127' title='bbox 1722 1703 1896 1752; x_wconf 72' lang='lat' dir='ltr'><strong>regatur.</strong></span> <span class='ocrx_word' id='word_1_128' title='bbox 1940 1696 2067 1748; x_wconf 77' lang='lat' dir='ltr'><strong>Quod</strong></span> 
     </span>
     <span class='ocr_line' id='line_1_12' title="bbox 147 1771 2065 1829; baseline 0 -15"><span class='ocrx_word' id='word_1_129' title='bbox 147 1785 271 1829; x_wconf 71' lang='lat' dir='ltr'><strong>quium·</strong></span> <span class='ocrx_word' id='word_1_130' title='bbox 300 1773 434 1815; x_wconf 74' lang='lat' dir='ltr'><strong>facere</strong></span> <span class='ocrx_word' id='word_1_131' title='bbox 464 1789 545 1815; x_wconf 88' lang='lat' dir='ltr'><strong>non</strong></span> <span class='ocrx_word' id='word_1_132' title='bbox 576 1774 729 1829; x_wconf 80' lang='lat' dir='ltr'><strong>possis,</strong></span> <span class='ocrx_word' id='word_1_133' title='bbox 758 1775 792 1815; x_wconf 90' lang='lat' dir='ltr'><strong>si</strong></span> <span class='ocrx_word' id='word_1_134' title='bbox 821 1789 916 1815; x_wconf 80' lang='lat' dir='ltr'><strong>vere</strong></span> <span class='ocrx_word' id='word_1_135' title='bbox 944 1789 991 1814; x_wconf 88' lang='lat' dir='ltr'><strong>ac</strong></span> <span class='ocrx_word' id='word_1_136' title='bbox 1018 1772 1207 1829; x_wconf 76' lang='lat' dir='ltr'><strong>religiose</strong></span> <span class='ocrx_word' id='word_1_137' title='bbox 1236 1788 1338 1828; x_wconf 86' lang='lat' dir='ltr'><strong>opus</strong></span> <span class='ocrx_word' id='word_1_138' title='bbox 1368 1781 1481 1815; x_wconf 87' lang='lat' dir='ltr'><strong>tuum</strong></span> <span class='ocrx_word' id='word_1_139' title='bbox 1511 1773 1608 1815; x_wconf 78' lang='lat' dir='ltr'><strong>velis</strong></span> <span class='ocrx_word' id='word_1_140' title='bbox 1646 1771 1824 1828; x_wconf 85' lang='lat' dir='ltr'><strong>explere,</strong></span> <span class='ocrx_word' id='word_1_141' title='bbox 1863 1774 1942 1814; x_wconf 82' lang='lat' dir='ltr'><strong>nisi</strong></span> <span class='ocrx_word' id='word_1_142' title='bbox 1977 1788 2065 1828; x_wconf 80' lang='lat' dir='ltr'><strong>per-</strong></span> 
     </span>
     <span class='ocr_line' id='line_1_13' title="bbox 145 1849 2065 1908; baseline 0 -17"><span class='ocrx_word' id='word_1_143' title='bbox 145 1853 294 1906; x_wconf 83' lang='lat' dir='ltr'><strong>spectis</strong></span> <span class='ocrx_word' id='word_1_144' title='bbox 321 1849 400 1891; x_wconf 80' lang='lat' dir='ltr'><strong>illis</strong></span> <span class='ocrx_word' id='word_1_145' title='bbox 429 1850 551 1892; x_wconf 83' lang='lat' dir='ltr'><strong>rebus</strong></span> <span class='ocrx_word' id='word_1_146' title='bbox 581 1866 687 1908; x_wconf 84' lang='lat' dir='ltr'><strong>quae</strong></span> <span class='ocrx_word' id='word_1_147' title='bbox 714 1850 933 1892; x_wconf 72' lang='lat' dir='ltr'><strong>tradendae</strong></span> <span class='ocrx_word' id='word_1_148' title='bbox 961 1852 1041 1892; x_wconf 86' lang='lat' dir='ltr'><strong>sint</strong></span> <span class='ocrx_word' id='word_1_149' title='bbox 1070 1856 1109 1892; x_wconf 79' lang='lat' dir='ltr'><strong>et</strong></span> <span class='ocrx_word' id='word_1_150' title='bbox 1137 1850 1349 1908; x_wconf 73' lang='lat' dir='ltr'><strong>diligenter</strong></span> <span class='ocrx_word' id='word_1_151' title='bbox 1377 1851 1623 1906; x_wconf 82' lang='lat' dir='ltr'><strong>perquisitis,</strong></span> <span class='ocrx_word' id='word_1_152' title='bbox 1646 1850 1734 1892; x_wconf 77' lang='lat' dir='ltr'><strong>fieri</strong></span> <span class='ocrx_word' id='word_1_153' title='bbox 1760 1857 1895 1905; x_wconf 84' lang='lat' dir='ltr'><strong>potest</strong></span> <span class='ocrx_word' id='word_1_154' title='bbox 1923 1856 1968 1891; x_wconf 89' lang='lat' dir='ltr'><strong>ut</strong></span> <span class='ocrx_word' id='word_1_155' title='bbox 1997 1849 2065 1891; x_wconf 72' lang='lat' dir='ltr'><strong>ali-</strong></span> 
     </span>
     <span class='ocr_line' id='line_1_14' title="bbox 145 1927 2063 1985; baseline 0.001 -17"><span class='ocrx_word' id='word_1_156' title='bbox 145 1929 253 1984; x_wconf 75' lang='lat' dir='ltr'><strong>quis.</strong></span> <span class='ocrx_word' id='word_1_157' title='bbox 268 1927 487 1984; x_wconf 78' lang='lat' dir='ltr'><strong>aliquando</strong></span> <span class='ocrx_word' id='word_1_158' title='bbox 517 1935 586 1969; x_wconf 84' lang='lat' dir='ltr'><strong>aut</strong></span> <span class='ocrx_word' id='word_1_159' title='bbox 613 1928 748 1969; x_wconf 79' lang='lat' dir='ltr'><strong>locum</strong></span> <span class='ocrx_word' id='word_1_160' title='bbox 777 1929 951 1985; x_wconf 79' lang='lat' dir='ltr'><strong>aliquem</strong></span> <span class='ocrx_word' id='word_1_161' title='bbox 981 1929 1157 1969; x_wconf 78' lang='lat' dir='ltr'><strong>auctoris</strong></span> <span class='ocrx_word' id='word_1_162' title='bbox 1185 1928 1333 1969; x_wconf 86' lang='lat' dir='ltr'><strong>rectius</strong></span> <span class='ocrx_word' id='word_1_163' title='bbox 1362 1929 1645 1984; x_wconf 88' lang='lat' dir='ltr'><strong>interpretatus</strong></span> <span class='ocrx_word' id='word_1_164' title='bbox 1677 1943 1776 1978; x_wconf 83' lang='lat' dir='ltr'><strong>esse,</strong></span> <span class='ocrx_word' id='word_1_165' title='bbox 1806 1933 1875 1968; x_wconf 89' lang='lat' dir='ltr'><strong>aut</strong></span> <span class='ocrx_word' id='word_1_166' title='bbox 1904 1927 1954 1968; x_wconf 90' lang='lat' dir='ltr'><strong>de</strong></span> <span class='ocrx_word' id='word_1_167' title='bbox 1977 1929 2063 1969; x_wconf 76' lang='lat' dir='ltr'><strong>viro</strong></span> 
     </span>
     <span class='ocr_line' id='line_1_15' title="bbox 145 2004 2064 2063; baseline 0.001 -16"><span class='ocrx_word' id='word_1_168' title='bbox 145 2005 283 2063; x_wconf 81' lang='lat' dir='ltr'><strong>aliquo</strong></span> <span class='ocrx_word' id='word_1_169' title='bbox 311 2006 443 2047; x_wconf 84' lang='lat' dir='ltr'><strong>verius</strong></span> <span class='ocrx_word' id='word_1_170' title='bbox 468 2004 693 2062; x_wconf 79' lang='lat' dir='ltr'><strong>judicasse,</strong></span> <span class='ocrx_word' id='word_1_171' title='bbox 735 2012 804 2047; x_wconf 90' lang='lat' dir='ltr'><strong>aut</strong></span> <span class='ocrx_word' id='word_1_172' title='bbox 823 2042 826 2045; x_wconf 74' lang='grc'>,</span> <span class='ocrx_word' id='word_1_173' title='bbox 843 2021 928 2048; x_wconf 82' lang='lat' dir='ltr'><strong>rem</strong></span> <span class='ocrx_word' id='word_1_174' title='bbox 966 2005 1143 2063; x_wconf 76' lang='lat' dir='ltr'><strong>aliquam</strong></span> <span class='ocrx_word' id='word_1_175' title='bbox 1174 2004 1413 2048; x_wconf 85' lang='lat' dir='ltr'><strong>luculentius</strong></span> <span class='ocrx_word' id='word_1_176' title='bbox 1453 2004 1729 2048; x_wconf 84' lang='lat' dir='ltr'><strong>demontrasse</strong></span> <span class='ocrx_word' id='word_1_177' title='bbox 1764 2004 1842 2048; x_wconf 87' lang='lat' dir='ltr'><strong>sibi</strong></span> <span class='ocrx_word' id='word_1_178' title='bbox 1871 2005 2064 2059; x_wconf 78' lang='lat' dir='ltr'><strong>videatur,</strong></span> 
     </span>
     <span class='ocr_line' id='line_1_16' title="bbox 146 2083 2064 2141; baseline 0.002 -17"><span class='ocrx_word' id='word_1_179' title='bbox 146 2099 267 2141; x_wconf 83' lang='lat' dir='ltr'><strong>quam</strong></span> <span class='ocrx_word' id='word_1_180' title='bbox 298 2084 367 2140; x_wconf 83' lang='lat' dir='ltr'><strong>qui</strong></span> <span class='ocrx_word' id='word_1_181' title='bbox 397 2090 513 2125; x_wconf 78' lang='lat' dir='ltr'><strong>antea</strong></span> <span class='ocrx_word' id='word_1_182' title='bbox 542 2083 594 2124; x_wconf 85' lang='lat' dir='ltr'><strong>de</strong></span> <span class='ocrx_word' id='word_1_183' title='bbox 622 2083 685 2124; x_wconf 85' lang='lat' dir='ltr'><strong>his</strong></span> <span class='ocrx_word' id='word_1_184' title='bbox 714 2083 836 2125; x_wconf 86' lang='lat' dir='ltr'><strong>rebus</strong></span> <span class='ocrx_word' id='word_1_185' title='bbox 865 2083 1144 2140; x_wconf 77' lang='lat' dir='ltr'><strong>disputarunt3</strong></span> <span class='ocrx_word' id='word_1_186' title='bbox 1184 2090 1222 2124; x_wconf 91' lang='lat' dir='ltr'><strong>et</strong></span> <span class='ocrx_word' id='word_1_187' title='bbox 1251 2090 1315 2124; x_wconf 82' lang='lat' dir='ltr'><strong>sat</strong></span> <span class='ocrx_word' id='word_1_188' title='bbox 1351 2083 1501 2124; x_wconf 86' lang='lat' dir='ltr'><strong>multae</strong></span> <span class='ocrx_word' id='word_1_189' title='bbox 1537 2090 1631 2124; x_wconf 87' lang='lat' dir='ltr'><strong>sunt</strong></span> <span class='ocrx_word' id='word_1_190' title='bbox 1669 2098 1756 2133; x_wconf 85' lang='lat' dir='ltr'><strong>res,</strong></span> <span class='ocrx_word' id='word_1_191' title='bbox 1796 2098 1906 2139; x_wconf 83' lang='lat' dir='ltr'><strong>quae</strong></span> <span class='ocrx_word' id='word_1_192' title='bbox 1936 2099 2064 2128; x_wconf 73' lang='lat' dir='ltr'><strong>cineu-</strong></span> 
     </span>
     <span class='ocr_line' id='line_1_17' title="bbox 145 2159 2063 2219; baseline 0.002 -18"><span class='ocrx_word' id='word_1_193' title='bbox 145 2160 279 2202; x_wconf 77' lang='lat' dir='ltr'><strong>dautis</strong></span> <span class='ocrx_word' id='word_1_194' title='bbox 309 2167 348 2201; x_wconf 86' lang='lat' dir='ltr'><strong>et</strong></span> <span class='ocrx_word' id='word_1_195' title='bbox 363 2162 614 2218; x_wconf 44' lang='lat' dir='ltr'><strong>,corrigentis</strong></span> <span class='ocrx_word' id='word_1_196' title='bbox 643 2176 768 2217; x_wconf 81' lang='lat' dir='ltr'><strong>opera</strong></span> <span class='ocrx_word' id='word_1_197' title='bbox 796 2167 950 2218; x_wconf 75' lang='lat' dir='ltr'><strong>egeant.</strong></span> <span class='ocrx_word' id='word_1_198' title='bbox 993 2160 1058 2203; x_wconf 87' lang='lat' dir='ltr'><strong>Ne</strong></span> <span class='ocrx_word' id='word_1_199' title='bbox 1075 2160 1219 2203; x_wconf 83' lang='lat' dir='ltr'><strong>Cicero</strong></span> <span class='ocrx_word' id='word_1_200' title='bbox 1242 2159 1420 2217; x_wconf 87' lang='lat' dir='ltr'><strong>quidem,</strong></span> <span class='ocrx_word' id='word_1_201' title='bbox 1449 2162 1491 2201; x_wconf 91' lang='lat' dir='ltr'><strong>in</strong></span> <span class='ocrx_word' id='word_1_202' title='bbox 1520 2176 1602 2217; x_wconf 90' lang='lat' dir='ltr'><strong>quo</strong></span> <span class='ocrx_word' id='word_1_203' title='bbox 1634 2159 1805 2218; x_wconf 77' lang='lat' dir='ltr'><strong>legendo</strong></span> <span class='ocrx_word' id='word_1_204' title='bbox 1835 2160 2063 2219; x_wconf 70' lang='lat' dir='ltr'><strong>relegendo,</strong></span> 
     </span>
     <span class='ocr_line' id='line_1_18' title="bbox 146 2238 2064 2296; baseline 0.001 -16"><span class='ocrx_word' id='word_1_205' title='bbox 146 2238 395 2280; x_wconf 85' lang='lat' dir='ltr'><strong>emendando</strong></span> <span class='ocrx_word' id='word_1_206' title='bbox 424 2239 726 2294; x_wconf 85' lang='lat' dir='ltr'><strong>interpretando</strong></span> <span class='ocrx_word' id='word_1_207' title='bbox 745 2238 968 2296; x_wconf 85' lang='lat' dir='ltr'><strong>judicando</strong></span> <span class='ocrx_word' id='word_1_208' title='bbox 993 2246 1072 2280; x_wconf 87' lang='lat' dir='ltr'><strong>tam</strong></span> <span class='ocrx_word' id='word_1_209' title='bbox 1099 2238 1213 2280; x_wconf 88' lang='lat' dir='ltr'><strong>multi</strong></span> <span class='ocrx_word' id='word_1_210' title='bbox 1237 2238 1414 2280; x_wconf 88' lang='lat' dir='ltr'><strong>studium</strong></span> <span class='ocrx_word' id='word_1_211' title='bbox 1439 2255 1553 2280; x_wconf 88' lang='lat' dir='ltr'><strong>suum</strong></span> <span class='ocrx_word' id='word_1_212' title='bbox 1580 2246 1618 2280; x_wconf 84' lang='lat' dir='ltr'><strong>et</strong></span> <span class='ocrx_word' id='word_1_213' title='bbox 1640 2254 1803 2294; x_wconf 80' lang='lat' dir='ltr'><strong>operam</strong></span> <span class='ocrx_word' id='word_1_214' title='bbox 1828 2247 2064 2293; x_wconf 78' lang='lat' dir='ltr'><strong>posuerunt,</strong></span> 
     </span>
     <span class='ocr_line' id='line_1_19' title="bbox 145 2315 2064 2373; baseline 0.002 -17"><span class='ocrx_word' id='word_1_215' title='bbox 145 2330 285 2372; x_wconf 87' lang='lat' dir='ltr'><strong>neque.</strong></span> <span class='ocrx_word' id='word_1_216' title='bbox 306 2315 408 2373; x_wconf 72' lang='lat' dir='ltr'><strong>quid</strong></span> <span class='ocrx_word' id='word_1_217' title='bbox 434 2316 641 2372; x_wconf 79' lang='lat' dir='ltr'><strong>scripserit</strong></span> <span class='ocrx_word' id='word_1_218' title='bbox 670 2331 693 2356; x_wconf 87' lang='lat' dir='ltr'><strong>a</strong></span> <span class='ocrx_word' id='word_1_219' title='bbox 724 2317 871 2357; x_wconf 85' lang='lat' dir='ltr'><strong>criticis</strong></span> <span class='ocrx_word' id='word_1_220' title='bbox 899 2318 996 2357; x_wconf 86' lang='lat' dir='ltr'><strong>satis</strong></span> <span class='ocrx_word' id='word_1_221' title='bbox 1027 2317 1266 2373; x_wconf 79' lang='lat' dir='ltr'><strong>expositum,</strong></span> <span class='ocrx_word' id='word_1_222' title='bbox 1297 2331 1426 2372; x_wconf 87' lang='lat' dir='ltr'><strong>neque</strong></span> <span class='ocrx_word' id='word_1_223' title='bbox 1455 2331 1577 2373; x_wconf 80' lang='lat' dir='ltr'><strong>quam</strong></span> <span class='ocrx_word' id='word_1_224' title='bbox 1608 2322 1759 2372; x_wconf 81' lang='lat' dir='ltr'><strong>partem</strong></span> <span class='ocrx_word' id='word_1_225' title='bbox 1790 2317 1831 2357; x_wconf 89' lang='lat' dir='ltr'><strong>in</strong></span> <span class='ocrx_word' id='word_1_226' title='bbox 1858 2316 2064 2372; x_wconf 75' lang='lat' dir='ltr'><strong>republica</strong></span> 
     </span>
     <span class='ocr_line' id='line_1_20' title="bbox 146 2392 1260 2450; baseline 0 -16"><span class='ocrx_word' id='word_1_227' title='bbox 146 2392 462 2435; x_wconf 78' lang='lat' dir='ltr'><strong>administranda</strong></span> <span class='ocrx_word' id='word_1_228' title='bbox 492 2395 618 2450; x_wconf 77' lang='lat' dir='ltr'><strong>egerit</strong></span> <span class='ocrx_word' id='word_1_229' title='bbox 646 2409 670 2434; x_wconf 83' lang='lat' dir='ltr'><strong>a</strong></span> <span class='ocrx_word' id='word_1_230' title='bbox 699 2393 900 2436; x_wconf 79' lang='lat' dir='ltr'><strong>historicis</strong></span> <span class='ocrx_word' id='word_1_231' title='bbox 929 2392 1158 2435; x_wconf 85' lang='lat' dir='ltr'><strong>absolutum</strong></span> <span class='ocrx_word' id='word_1_232' title='bbox 1189 2400 1260 2435; x_wconf 87' lang='lat' dir='ltr'><strong>est.</strong></span> 
     </span>
    </p>

    <p class='ocr_par' dir='ltr' id='par_1_2' title="bbox 142 2471 2067 2760">
     <span class='ocr_line' id='line_1_21' title="bbox 178 2471 2065 2527; baseline 0.001 -16"><span class='ocrx_word' id='word_1_233' title='bbox 178 2483 184 2490; x_wconf 84' lang='lat'>·</span> <span class='ocrx_word' id='word_1_234' title='bbox 230 2476 233 2480; x_wconf 89' lang='lat'>&#39;</span> <span class='ocrx_word' id='word_1_235' title='bbox 314 2471 376 2511; x_wconf 76' lang='lat' dir='ltr'><strong>At</strong></span> <span class='ocrx_word' id='word_1_236' title='bbox 403 2485 523 2527; x_wconf 88' lang='lat' dir='ltr'><strong>quem</strong></span> <span class='ocrx_word' id='word_1_237' title='bbox 552 2471 648 2512; x_wconf 82' lang='lat' dir='ltr'><strong>mihi</strong></span> <span class='ocrx_word' id='word_1_238' title='bbox 678 2471 941 2512; x_wconf 79' lang='lat' dir='ltr'><strong>Ciceronem?</strong></span> <span class='ocrx_word' id='word_1_239' title='bbox 995 2472 1079 2523; x_wconf 77' lang='lat' dir='ltr'><strong>Qui</strong></span> <span class='ocrx_word' id='word_1_240' title='bbox 1114 2472 1245 2527; x_wconf 75' lang='lat' dir='ltr'><strong>qualis</strong></span> <span class='ocrx_word' id='word_1_241' title='bbox 1274 2471 1395 2512; x_wconf 82' lang='lat' dir='ltr'><strong>fuerit</strong></span> <span class='ocrx_word' id='word_1_242' title='bbox 1425 2478 1462 2511; x_wconf 89' lang='lat' dir='ltr'><strong>et</strong></span> <span class='ocrx_word' id='word_1_243' title='bbox 1491 2472 1650 2526; x_wconf 80' lang='lat' dir='ltr'><strong>ingenio</strong></span> <span class='ocrx_word' id='word_1_244' title='bbox 1682 2477 1719 2510; x_wconf 88' lang='lat' dir='ltr'><strong>et</strong></span> <span class='ocrx_word' id='word_1_245' title='bbox 1748 2472 1881 2511; x_wconf 83' lang='lat' dir='ltr'><strong>animo</strong></span> <span class='ocrx_word' id='word_1_246' title='bbox 1912 2478 1952 2512; x_wconf 83' lang='lat' dir='ltr'><strong>et</strong></span> <span class='ocrx_word' id='word_1_247' title='bbox 1981 2487 2065 2513; x_wconf 83' lang='lat' dir='ltr'><strong>mo-</strong></span> 
     </span>
     <span class='ocr_line' id='line_1_22' title="bbox 144 2547 2066 2605; baseline 0.002 -18"><span class='ocrx_word' id='word_1_248' title='bbox 144 2547 257 2588; x_wconf 84' lang='lat' dir='ltr'><strong>ribus</strong></span> <span class='ocrx_word' id='word_1_249' title='bbox 281 2554 498 2605; x_wconf 81' lang='lat' dir='ltr'><strong>postquam</strong></span> <span class='ocrx_word' id='word_1_250' title='bbox 515 2548 819 2600; x_wconf 84' lang='lat' dir='ltr'><strong>Mommsenius,</strong></span> <span class='ocrx_word' id='word_1_251' title='bbox 851 2564 970 2605; x_wconf 87' lang='lat' dir='ltr'><strong>quem</strong></span> <span class='ocrx_word' id='word_1_252' title='bbox 995 2550 1137 2589; x_wconf 85' lang='lat' dir='ltr'><strong>summi</strong></span> <span class='ocrx_word' id='word_1_253' title='bbox 1162 2548 1330 2589; x_wconf 83' lang='lat' dir='ltr'><strong>honoris</strong></span> <span class='ocrx_word' id='word_1_254' title='bbox 1356 2563 1476 2589; x_wconf 85' lang='lat' dir='ltr'><strong>causa</strong></span> <span class='ocrx_word' id='word_1_255' title='bbox 1497 2550 1742 2588; x_wconf 82' lang='lat' dir='ltr'><strong>nominatum</strong></span> <span class='ocrx_word' id='word_1_256' title='bbox 1762 2548 1872 2599; x_wconf 85' lang='lat' dir='ltr'><strong>volo,</strong></span> <span class='ocrx_word' id='word_1_257' title='bbox 1899 2556 2066 2605; x_wconf 82' lang='lat' dir='ltr'><strong>propter</strong></span> 
     </span>
     <span class='ocr_line' id='line_1_23' title="bbox 144 2624 2066 2681; baseline 0.002 -15"><span class='ocrx_word' id='word_1_258' title='bbox 144 2627 412 2680; x_wconf 80' lang='lat' dir='ltr'><strong>conscriptam</strong></span> <span class='ocrx_word' id='word_1_259' title='bbox 441 2643 575 2668; x_wconf 81' lang='lat' dir='ltr'><strong>rerum</strong></span> <span class='ocrx_word' id='word_1_260' title='bbox 604 2629 881 2669; x_wconf 78' lang='lat' dir='ltr'><strong>Romanarum</strong></span> <span class='ocrx_word' id='word_1_261' title='bbox 911 2626 1119 2668; x_wconf 82' lang='lat' dir='ltr'><strong>historiam</strong></span> <span class='ocrx_word' id='word_1_262' title='bbox 1149 2626 1200 2667; x_wconf 81' lang='lat' dir='ltr'><strong>ab</strong></span> <span class='ocrx_word' id='word_1_263' title='bbox 1233 2626 1418 2667; x_wconf 85' lang='lat' dir='ltr'><strong>omnibus</strong></span> <span class='ocrx_word' id='word_1_264' title='bbox 1450 2628 1546 2677; x_wconf 75' lang='lat' dir='ltr'><strong>fere,</strong></span> <span class='ocrx_word' id='word_1_265' title='bbox 1580 2624 1727 2681; x_wconf 89' lang='lat' dir='ltr'><strong>quibus</strong></span> <span class='ocrx_word' id='word_1_266' title='bbox 1754 2626 1830 2668; x_wconf 82' lang='lat' dir='ltr'><strong>hae</strong></span> <span class='ocrx_word' id='word_1_267' title='bbox 1859 2644 1923 2668; x_wconf 87' lang='lat' dir='ltr'><strong>res</strong></span> <span class='ocrx_word' id='word_1_268' title='bbox 1953 2627 2066 2669; x_wconf 87' lang='lat' dir='ltr'><strong>cordi</strong></span> 
     </span>
     <span class='ocr_line' id='line_1_24' title="bbox 142 2702 2067 2760; baseline 0.002 -17"><span class='ocrx_word' id='word_1_269' title='bbox 142 2709 249 2754; x_wconf 76' lang='lat' dir='ltr'><strong>sunt,</strong></span> <span class='ocrx_word' id='word_1_270' title='bbox 267 2705 442 2744; x_wconf 74' lang='lat' dir='ltr'><strong>summis</strong></span> <span class='ocrx_word' id='word_1_271' title='bbox 471 2704 659 2745; x_wconf 84' lang='lat' dir='ltr'><strong>laudibus</strong></span> <span class='ocrx_word' id='word_1_272' title='bbox 689 2705 935 2760; x_wconf 85' lang='lat' dir='ltr'><strong>summisque</strong></span> <span class='ocrx_word' id='word_1_273' title='bbox 963 2703 1186 2745; x_wconf 84' lang='lat' dir='ltr'><strong>honoribus</strong></span> <span class='ocrx_word' id='word_1_274' title='bbox 1216 2703 1363 2754; x_wconf 85' lang='lat' dir='ltr'><strong>elatus,</strong></span> <span class='ocrx_word' id='word_1_275' title='bbox 1404 2705 1499 2745; x_wconf 87' lang='lat' dir='ltr'><strong>satis</strong></span> <span class='ocrx_word' id='word_1_276' title='bbox 1538 2702 1713 2744; x_wconf 88' lang='lat' dir='ltr'><strong>dilucide</strong></span> <span class='ocrx_word' id='word_1_277' title='bbox 1751 2710 1790 2744; x_wconf 86' lang='lat' dir='ltr'><strong>et</strong></span> <span class='ocrx_word' id='word_1_278' title='bbox 1830 2712 1894 2745; x_wconf 80' lang='lat' dir='ltr'><strong>sat</strong></span> <span class='ocrx_word' id='word_1_279' title='bbox 1932 2705 2067 2747; x_wconf 85' lang='lat' dir='ltr'><strong>multis</strong></span> 
     </span>
    </p>
   </div>
   <div class='ocr_carea' id='block_1_2' title="bbox 143 2780 2067 2896">
    <p class='ocr_par' dir='ltr' id='par_1_3' title="bbox 143 2780 2067 2896">
     <span class='ocr_line' id='line_1_25' title="bbox 143 2780 2067 2839; baseline 0.002 -18"><span class='ocrx_word' id='word_1_280' title='bbox 143 2780 301 2822; x_wconf 86' lang='lat' dir='ltr'><strong>dicendi</strong></span> <span class='ocrx_word' id='word_1_281' title='bbox 332 2781 550 2823; x_wconf 81' lang='lat' dir='ltr'><strong>luminibus</strong></span> <span class='ocrx_word' id='word_1_282' title='bbox 579 2783 740 2823; x_wconf 82' lang='lat' dir='ltr'><strong>intextis</strong></span> <span class='ocrx_word' id='word_1_283' title='bbox 770 2781 966 2839; x_wconf 76' lang='lat' dir='ltr'><strong>legentem</strong></span> <span class='ocrx_word' id='word_1_284' title='bbox 997 2797 1196 2838; x_wconf 87' lang='lat' dir='ltr'><strong>quemque</strong></span> <span class='ocrx_word' id='word_1_285' title='bbox 1225 2780 1382 2832; x_wconf 82' lang='lat' dir='ltr'><strong>docuit,</strong></span> <span class='ocrx_word' id='word_1_286' title='bbox 1421 2783 1511 2838; x_wconf 92' lang='lat' dir='ltr'><strong>quis</strong></span> <span class='ocrx_word' id='word_1_287' title='bbox 1541 2788 1600 2822; x_wconf 70' lang='lat' dir='ltr'><strong>oet</strong></span> <span class='ocrx_word' id='word_1_288' title='bbox 1631 2783 1700 2837; x_wconf 87' lang='lat' dir='ltr'><strong>qui</strong></span> <span class='ocrx_word' id='word_1_289' title='bbox 1730 2783 1771 2821; x_wconf 87' lang='lat' dir='ltr'><strong>in</strong></span> <span class='ocrx_word' id='word_1_290' title='bbox 1802 2798 1850 2823; x_wconf 86' lang='lat' dir='ltr'><strong>eo</strong></span> <span class='ocrx_word' id='word_1_291' title='bbox 1882 2790 1951 2823; x_wconf 87' lang='lat' dir='ltr'><strong>aut</strong></span> <span class='ocrx_word' id='word_1_292' title='bbox 1980 2798 2067 2824; x_wconf 85' lang='lat' dir='ltr'><strong>eor-</strong></span> 
     </span>
     <span class='ocr_line' id='line_1_26' title="bbox 1567 2860 1583 2896; baseline 0 0"><span class='ocrx_word' id='word_1_293' title='bbox 1567 2860 1583 2896; x_wconf 88' lang='lat'>1</span> 
     </span>
    </p>
   </div>
  </div>
 </body>
</html>
